2814 4816
368 462 434 511 rua
454 462 702 514 ooussossmou
725 462 767 514 ov
787 463 933 514 vraoms.
1139 448 1203 513 425

96 649 166 703 quae
179 638 221 687 est
231 631 281 688 snb
293 633 368 689 caelo
380 633 408 688 in
419 633 555 691 stellarum
568 633 787 691 innumerabilem
800 651 943 691 numerum
955 633 1026 690 Novi
1038 633 1204 690 Testamenti

95 715 254 771 haeredibus
265 716 407 788 adoptatis,
420 717 489 774 inter
501 724 603 775 ceteras
615 719 735 788 virtutes,
747 736 814 791 quas
826 718 886 775 filiis
898 719 952 774 tuis
963 736 1019 774 non
1030 735 1065 774 ex
1074 721 1201 790 sangnin-

94 798 154 854 ibus
172 817 262 873 neque
280 818 315 858 ex
327 800 466 858 voluntate
484 801 572 858 carnis
583 802 632 859 sed
643 803 678 859 de
690 808 738 859 tuo
752 803 852 877 Spiritu
863 801 962 875 genitis
980 802 1106 872 indidisti,
1119 803 1202 860 etiam

95 883 147 939 hoc
159 883 260 940 donum
272 884 300 939 in
311 885 441 957 quasdam
453 893 555 943 mentes
567 887 601 944 de
617 887 748 959 largitatis
765 893 828 944 tuae
839 887 913 944 fonte
931 886 1054 943 defluxit.
1090 888 1130 944 Ut
1141 904 1204 944 cum

97 966 226 1023 honorem
244 969 397 1042 nuptiarum
415 969 488 1026 nulla
505 971 648 1027 interdicta
665 970 824 1028 minuissent
841 988 874 1027 ac
886 988 966 1043 super
976 976 1099 1026 sanctum
1111 970 1203 1042 conju·

95 1052 170 1121 gium
180 1052 289 1109 initialis
300 1053 450 1127 benedictio
463 1061 640 1127 permaneret,
653 1056 801 1112 existerent
813 1061 906 1112 tamen
917 1054 1085 1111 sublimiores
1097 1055 1203 1110 animae

96 1152 165 1206 quae
189 1135 218 1190 iu
238 1135 290 1192 viri
312 1153 345 1192 ac
367 1137 487 1194 mulieris
508 1138 605 1211 copula
624 1138 776 1195 fastidirent
796 1138 968 1207 connubium,
988 1138 1206 1212 concupiscerent

98 1226 303 1291 sacramentnm,
324 1239 374 1277 nac
394 1221 562 1278 imitarentur
579 1222 651 1295 quod
669 1223 770 1296 nuptiis
792 1223 887 1295 agitur,
907 1223 956 1280 sed
975 1221 1115 1295 ddigerent
1133 1222 1205 1295 quod

98 1303 198 1377 nuptiis
209 1310 390 1377 praenotatur.
427 1306 548 1373 Agnovit
559 1312 697 1363 auctorem
709 1325 789 1363 suum
806 1307 885 1364 beata
897 1307 1044 1379 virginitas,
1055 1312 1084 1363 et
1100 1305 1207 1363 aemula

98 1387 257 1460 integritatis
276 1387 412 1460 angelicae
428 1388 499 1445 illius
518 1389 644 1460 thalamo,
664 1389 736 1447 illius
757 1390 889 1460 cubiculo,
908 1408 937 1447 se
961 1389 1078 1461 devovit,
1097 1391 1143 1464 qui
1166 1390 1207 1447 sio

97 1479 243 1544 perpetuae
263 1471 422 1543 virginitatis
442 1479 484 1528 est
504 1490 617 1545 sponsus
640 1473 866 1545 quemadmodum
883 1481 1030 1549 perpetuae
1047 1474 1208 1547 virginitatis

97 1561 140 1611 est
156 1554 235 1611 filius.
271 1555 479 1628 Implorantrbus
497 1574 561 1628 ergo
578 1557 709 1614 auxilium
726 1564 812 1628 tuum,
824 1559 949 1628 Domine,
967 1565 996 1615 et
1012 1558 1165 1615 confirmari
1175 1574 1206 1614 se

96 1639 288 1695 benedictionis
300 1646 363 1696 tuae
375 1642 574 1698 consecratione
586 1641 763 1714 cupientibus,
771 1643 806 1698 da
817 1643 989 1715 protectionis
996 1648 1059 1698 tuae
1068 1641 1206 1698 munimen

96 1730 125 1779 et
147 1723 284 1794 regimen:
315 1741 349 1780 ne
373 1724 459 1781 hostis
482 1725 608 1798 antiquus
632 1726 678 1798 qui
701 1725 891 1783 excellentiora
914 1726 1002 1782 studia
1025 1725 1208 1783 subtilioribus

96 1806 205 1862 infestat
216 1806 318 1862 insidiis
329 1807 364 1862 ad
376 1807 571 1864 obscurandam
582 1810 717 1882 perfectae
725 1810 902 1867 continentiae
909 1809 1026 1883 palmam
1033 1827 1082 1883 per
1089 1809 1206 1882 aliquam

96 1897 185 1963 serpat
208 1891 306 1947 mentis
329 1891 467 1963 insumam,
492 1900 521 1949 et
543 1894 630 1966 rapiat
652 1893 687 1949 de
708 1895 844 1966 proposito
867 1894 1000 1966 virginum
1028 1892 1205 1965 quodetiam

97 1981 217 2036 moribus
229 1982 307 2036 decet
317 1981 403 2036 inesse
416 1985 569 2052 nuptarum.
607 1978 648 2033 Sit
664 1976 693 2031 in
711 1977 758 2047 eis,
771 1978 894 2044 Domine,
906 1995 954 2050 per
971 1977 1072 2032 donum
1091 1975 1206 2049 Spiritus

95 2065 142 2136 tui,
155 2065 272 2137 prudens
284 2064 434 2136 modestia,¹
447 2064 552 2136 sapiens
564 2061 723 2134 benignitas,
734 2062 824 2134 gravis
835 2062 938 2133 lenitas,
947 2067 1022 2119 casta
1031 2060 1147 2116 libertas.
1171 2060 1205 2114 In

96 2150 207 2205 earimte
219 2148 341 2204 ferveant
352 2155 380 2204 et
391 2149 458 2204 nihil
471 2155 547 2204 extra
566 2155 594 2203 te
611 2147 740 2219 diligant;
759 2147 928 2204 landabiliter
939 2148 1040 2217 vivant,
1052 2145 1206 2217 laudarique

97 2256 151 2294 non
163 2243 299 2310 appetant.
336 2236 377 2291 Te
395 2235 424 2290 in
442 2236 584 2291 mactitme
603 2234 729 2306 corporis,
743 2240 771 2290 te
783 2233 811 2289 in
829 2233 911 2289 animi
929 2232 971 2289 sui
982 2232 1096 2306 puritate
1107 2229 1206 2302 glorih

96 2327 167 2376 cent.
203 2322 304 2375 Amore
328 2325 356 2374 te
379 2319 501 2388 timeant,
525 2335 616 2374 amore
640 2318 688 2372 tibi
713 2317 838 2373 serviant.
874 2317 918 2372 'lu
941 2318 980 2372 eis
1003 2316 1089 2371 honor
1111 2313 1156 2382 sis,
1175 2318 1205 2369 tu

96 2405 233 2475 gaudium,
246 2411 277 2459 tu
288 2403 421 2472 voluntas,
431 2411 461 2458 tu
473 2403 502 2457 in
513 2419 633 2458 maerore
646 2401 777 2473 solatium,
787 2408 817 2458 tu
829 2401 857 2456 in
869 2400 1045 2472 ambiguitate
1057 2397 1205 2468 consilium,

96 2495 127 2544 tu
139 2488 167 2542 in
179 2488 275 2559 injuria
293 2487 420 2557 defensio,
433 2486 462 2540 in
480 2485 651 2542 tribulatione
669 2486 806 2559 patientia,
820 2490 850 2541 in
866 2491 1024 2559 paupertate
1041 2482 1206 2540 abundantia

95 2573 124 2628 in
145 2572 247 2645 jejunio
271 2573 354 2640 cibus,
372 2570 401 2626 in
424 2571 578 2626 infirmitate
602 2571 742 2627 medicina.
776 2571 810 2625 In
833 2576 862 2626 te
879 2570 997 2626 habeant
1015 2569 1104 2625 omnia
1124 2584 1205 2639 quem

95 2657 199 2728 elegere
222 2673 301 2728 super
324 2655 437 2711 omnia.²
482 2656 519 2710 Et
542 2654 614 2726 quod
636 2662 700 2711 suut
724 2654 857 2727 professae
881 2654 1040 2724 custodiant,
1065 2650 1205 2708 scurtatori

96 2747 235 2813 pectorum
258 2757 313 2796 non
336 2756 446 2812 corpore
469 2738 615 2812 placiturae
639 2737 687 2794 sed
711 2744 811 2795 mente.
847 2737 999 2794 lhansaaut
1017 2738 1045 2793 in
1062 2754 1203 2793 nnmerum

96 2826 256 2896 sapientium
277 2824 443 2898 puellarum,
470 2831 502 2880 nt
518 2823 660 2880 caelestem
681 2841 808 2896 sponsum
824 2823 942 2879 accensis
959 2821 1126 2894 lampadibus
1142 2837 1204 2877 cum

96 2910 155 2966 oleo
178 2910 386 2982 praeparationis
415 2915 568 2982 expectent,
593 2926 644 2964 nec
673 2909 796 2964 turbatae
825 2907 961 2979 improvisi
989 2906 1059 2978 regis
1087 2905 1205 2961 adventu

96 2993 314 3066 praecedentium
325 2994 407 3050 choro
415 2994 581 3066 jungantur3
601 2997 753 3064 occurrant,
765 3008 815 3048 nec
834 2991 1012 3047 excludantur
1027 3007 1089 3046 cum
1101 2989 1204 3057 stultis3

94 3076 210 3147 regalem
217 3076 329 3147 januam
341 3094 404 3133 cum
415 3076 581 3150 sapientibus
593 3076 741 3148 virginibus
757 3075 869 3131 licenter
879 3074 1014 3131 introeant
1024 3093 1031 3143 ;
1052 3079 1081 3130 et
1091 3073 1120 3128 in
1132 3072 1204 3144 Agni

94 3161 135 3216 tui
147 3167 274 3232 perpetuo
286 3161 415 3217 comitatu
426 3159 577 3235 probabiles
588 3177 714 3217 mansura
723 3160 846 3216 castitate
858 3164 1039 3231 permaneant

500 3471 531 3535 2.
555 3467 704 3534 Galliaco
731 3467 797 3534 Usa.

160 3626 227 3690 The
257 3623 409 3690 Gallicam
438 3624 522 3688 form
551 3622 580 3688 is
610 3622 761 3688 obtained
790 3623 835 3707 by
864 3621 920 3687 the
949 3621 1150 3705 comparison
1171 3619 1208 3684 of

95 3731 188 3795 those
217 3735 304 3794 texts
331 3728 367 3793 of
394 3727 584 3793 undoubted
609 3728 734 3793 Roman
760 3726 863 3812 origin
889 3725 970 3791 with
995 3727 1052 3792 the
1076 3725 1205 3792 Misaale

145 3960 153 3991 ¹
171 3958 252 4009 What
268 3958 375 4021 follows,
385 3972 415 4008 as
431 3958 472 4008 far
488 3973 517 4008 as
533 3959 621 4024 dooere
636 3975 710 4026 super
725 3959 982 4026 anomianorum
997 3961 1026 4011 in
1042 3961 1088 4012 the
1103 3960 1206 4014 Merula

93 4038 374 4180 mapevoffivonm
395 4112 419 4164 is
441 4116 486 4163 not
507 4111 589 4164 found
610 4113 639 4164 in
661 4112 708 4164 the
729 4113 855 4166 Gelasiau
877 4113 1074 4183 Sacramentary
1089 4117 1143 4169 and
1158 4116 1205 4169 the

97 4195 200 4245 Mfaacle
210 4192 374 4243 Francorum.
