2806 4822
139 422 203 486 504
247 438 426 486 eumerus
451 439 619 488 wousrus:
644 437 833 486 necarem
858 436 926 484 mxu
950 433 1155 484 uvonurlos.

141 604 254 670 autem,
268 599 300 658 id
321 605 369 657 est
389 599 551 672 Bethania,
567 604 615 658 est
635 598 767 658 forsitan
784 597 917 658 secundo
937 597 1070 657 miliario
1083 618 1105 656 a
1118 596 1252 656 civitate.

142 690 298 750 Euntibus
317 699 420 752 autem
440 693 479 752 de
499 691 683 754 Jernsolima
702 692 736 750 in
757 692 917 751 Laterium
943 690 1077 751 forsitan
1104 689 1146 749 ad
1173 689 1257 767 quin·

140 791 249 862 gentos
269 805 376 863 passus
395 785 435 845 de
449 785 553 846 eodem
574 787 649 859 1000,
663 786 789 845 ecclesia
802 791 851 844 est
870 786 905 843 in
918 790 1019 844 atrata
1039 784 1074 842 in
1087 802 1126 843 ec
1141 783 1208 842 loco
1223 782 1254 839 in

141 896 201 954 quo
213 880 346 938 occurrit
367 880 498 939 Domino
520 880 622 938 Maria
636 898 719 939 soror
740 878 855 937 lazari.
898 877 950 936 Ibi
963 896 1035 954 argo
1049 895 1121 935 cum
1135 875 1255 934 venerit

140 971 305 1049 episcopua,
315 981 474 1033 occurrent
487 974 530 1032 ibi
544 994 647 1033 omnes
656 973 803 1046 monachi,
816 979 848 1032 et
861 971 991 1050 populus
1004 971 1049 1030 ibi
1061 969 1254 1048 ingreditur;

140 1066 254 1126 dicitur
267 1086 354 1130 :unus
375 1087 486 1144 ymnus
504 1075 536 1128 at
556 1089 619 1127 una
636 1068 815 1146 antiphona,
835 1073 868 1127 at
890 1067 1003 1144 legitur
1022 1066 1089 1143 ipse
1113 1066 1200 1124 locus
1217 1063 1253 1121 de

139 1161 296 1238 evangelio
323 1161 376 1220 ubi
403 1163 536 1220 occurrit
562 1181 646 1222 soror
681 1162 789 1221 Lazari
823 1161 963 1222 Domino.
1019 1158 1063 1217 Et
1092 1159 1146 1231 sic,
1170 1158 1253 1216 iacta

140 1255 277 1313 oratione
290 1260 323 1313 et
336 1255 503 1314 benedictis
516 1256 666 1329 omnibus,
680 1256 752 1316 inda
765 1257 828 1333 jam
841 1274 936 1333 usque
949 1252 988 1312 ad
1004 1253 1167 1312 lazarium
1186 1272 1251 1312 cum

140 1348 241 1424 ymnis
261 1348 333 1405 itur.
377 1348 417 1406 In
438 1348 566 1408 Lazario
579 1356 682 1408 autem
695 1369 764 1408 cum
778 1355 905 1408 ventum
924 1348 1029 1419 fucrit,
1044 1348 1092 1405 ita
1104 1365 1139 1405 sa
1156 1346 1253 1406 omnic

142 1441 309 1500 multitudo
323 1442 447 1518 colligit,
464 1449 500 1501 ut
520 1462 582 1502 non
595 1443 693 1503 solum
714 1445 778 1521 ipse
798 1443 890 1515 locos,
904 1441 956 1501 sed
975 1447 1008 1501 et
1028 1441 1130 1518 campi
1149 1459 1253 1499 omnes

140 1535 174 1592 in
193 1536 260 1611 giro
280 1536 362 1612 pleni
383 1537 446 1594 sint
465 1536 648 1600 hominibus.
701 1538 856 1596 Dicuntur
876 1537 970 1614 ymni,
992 1536 1087 1595 etiam
1116 1540 1149 1594 et
1177 1535 1255 1592 anti·

140 1628 266 1706 phonae,
288 1631 354 1707 apti
373 1630 435 1689 diei
456 1637 490 1690 et
507 1632 589 1702 loco;
611 1632 753 1691 similiter
772 1639 805 1691 et
824 1633 969 1691 lectiones
988 1637 1060 1708 apte
1081 1630 1144 1690 diei
1165 1648 1253 1708 quac·

140 1743 267 1802 cumque
281 1725 433 1802 leguntur.
474 1727 541 1784 Iam
552 1734 663 1800 autem,
679 1735 715 1787 ut
729 1728 785 1786 fiat
799 1728 897 1800 missa,
910 1727 1115 1787 denuntiatur
1128 1726 1255 1799 Pascha,

140 1816 173 1875 id
194 1823 250 1889 est,
265 1819 349 1875 subit
369 1819 530 1896 presbyter
549 1821 583 1878 in
604 1820 708 1880 altiori
729 1821 801 1893 loco,
817 1826 850 1880 et
869 1822 951 1898 leget
971 1821 1059 1880 illum
1080 1821 1184 1880 locum
1204 1822 1255 1899 qui

141 1911 272 1988 scriptus
286 1917 334 1970 est
348 1913 382 1970 in
395 1913 552 1989 evangelio
565 1933 572 1971 :
595 1910 665 1972 Cum
678 1913 800 1972 venisset
813 1914 899 1974 Jesca
911 1913 943 1972 ic
957 1913 1108 1973 Bethania
1123 1921 1193 1973 ante
1206 1934 1255 1973 aec

141 2001 204 2061 dica
212 2005 349 2082 paschae,
364 2012 397 2065 et
412 2012 519 2065 cetera.
564 2007 658 2064 Lecto
671 2025 743 2085 ergo
753 2026 788 2066 e0
801 2006 867 2067 1000
879 2014 912 2066 et
926 2008 1114 2066 annuntiata
1127 2006 1253 2079 Pascha,

141 2096 177 2154 fit
191 2099 289 2156 missa
332 2099 499 2176 Propterea
517 2107 621 2158 autem
639 2121 675 2159 ea
691 2099 741 2160 die
761 2101 818 2160 hoc
831 2103 943 2180 agitur,
958 2102 1104 2180 quoniam
1122 2103 1205 2162 sicut
1224 2103 1255 2161 in

141 2193 299 2269 evangelio
312 2195 458 2271 scriptum
473 2201 530 2266 est,
545 2200 619 2253 ante
632 2214 686 2252 sex
700 2194 765 2253 dies
779 2194 915 2254 Paschae
934 2194 1053 2254 iactum
1071 2194 1130 2256 hoc
1144 2196 1255 2256 fuisset

141 2286 175 2344 in
197 2286 370 2359 Bethania3
391 2288 429 2347 de
450 2288 578 2347 sabbato
599 2288 680 2347 enim
700 2308 796 2367 usque
816 2289 850 2347 in
870 2290 979 2367 quinta
998 2289 1088 2362 feria,
1102 2310 1168 2369 qua
1188 2297 1255 2369 pom

141 2400 216 2440 cena
224 2387 316 2440 noctu
331 2381 596 2459 comprehenditur
610 2382 769 2455 Dominus,
781 2402 834 2442 sex
848 2383 1003 2442 diescant.
1037 2382 1255 2445 Revertuntnr

142 2496 213 2554 argo
234 2495 337 2535 omnes
359 2476 399 2535 ad
421 2477 586 2551 civitatem,
609 2475 773 2551 rectus-ad
793 2477 958 2550 Anastaae
983 2482 1016 2536 at
1036 2476 1074 2536 fit
1094 2477 1256 2539 lucernare

141 2570 232 2647 juxta
245 2569 503 2631 consuetudinem.

464 2985 491 3042 2.
513 2980 841 3061 Polm'Scadoy.—(c)
856 2981 947 3042 Mosa.

203 3195 276 3253 Alia
300 3211 372 3269 ergo
399 3190 458 3264 die,
483 3192 515 3251 id
540 3198 588 3252 est
610 3192 760 3252 dominica
783 3211 844 3270 qua
872 3192 1009 3250 intratur
1030 3192 1065 3249 in
1085 3193 1256 3269 septimana

143 3287 293 3366 paschale,
322 3306 412 3365 qnam
440 3286 489 3346 hic
516 3287 673 3364 appellant
700 3287 869 3364 septimana
896 3285 1000 3362 major,
1024 3284 1191 3345 celebratis
1218 3287 1255 3345 de

143 3383 294 3460 pullorum
315 3388 409 3440 cantu
428 3383 472 3439 eis
492 3401 570 3459 quae
591 3381 818 3441 consuetudinis
838 3385 911 3438 sunt
927 3380 960 3436 in
973 3378 1132 3438 Annam
1145 3380 1197 3439 vel
1216 3378 1255 3438 ad

143 3478 282 3549 Crucem,
311 3495 409 3552 usque
436 3475 476 3534 ad
510 3495 600 3535 mane
627 3477 738 3552 agitur.
795 3475 855 3533 Die
881 3492 952 3550 ergo
984 3472 1137 3533 dominica
1167 3494 1255 3534 mane

142 3572 318 3648 proceditur
338 3573 431 3649 juxta
452 3570 700 3630 consuetudinem
721 3571 755 3627 in
768 3569 893 3627 ecclesia
914 3568 1038 3644 majore,
1052 3585 1134 3644 quae
1155 3569 1255 3648 appel-

142 3665 225 3725 latur
239 3666 435 3743 Martyrium.
478 3664 644 3743 Propterea
662 3670 765 3723 autem
784 3663 968 3739 Martyrium
989 3661 1166 3739 appellatur
1184 3664 1256 3741 quia

143 3761 176 3818 in
191 3761 345 3836 Golgotha
359 3768 414 3833 eat,
430 3759 462 3818 id
479 3767 526 3818 est
549 3765 619 3837 post
633 3758 768 3830 Crucem,
786 3758 837 3815 ubi
859 3756 1007 3815 Dominus
1024 3775 1132 3833 passus
1152 3765 1210 3830 est,
1223 3763 1255 3816 et

143 3853 212 3913 ideo
235 3854 398 3932 Martyrio.
442 3854 518 3912 Cum
541 3873 613 3930 ergo
634 3853 788 3911 celebrata
811 3851 927 3909 fuerint
949 3851 1051 3908 omnia
1072 3851 1167 3927 juxta
1189 3872 1255 3912 con·

141 3947 333 4005 suetudinem
352 3949 386 4004 in
404 3947 529 4005 ecclesia
553 3948 675 4021 majore,
699 3951 733 4003 et
754 3951 916 4022 antequam
941 3944 997 4000 fiat
1020 3943 1123 4015 missa,
1149 3947 1256 4004 mittet

141 4057 243 4098 vocem
260 4038 497 4111 archidiaconus,
513 4045 545 4097 et
559 4038 634 4097 dicit
647 4039 777 4115 primum
793 4061 800 4098 :
831 4033 958 4096 “Juxta
970 4035 1144 4113 septimana
1157 4056 1252 4108 omne,

139 4130 231 4191 idest
245 4130 294 4190 die
308 4133 451 4204 crastino,
466 4130 542 4190 hora
557 4150 643 4203 nona,
658 4149 760 4189 omnes
775 4128 812 4187 ad
829 4126 1012 4205 Martyrium
1026 4128 1254 4203 conveniamus,
