2806 4822
145 356 207 424 526
252 373 432 423 cusrsruu
455 371 626 422 wossmr:
649 371 702 420 irs
726 369 843 421 curcur
865 370 936 420 um
959 367 1166 419 evonimos.

141 534 175 591 in
208 552 269 611 que
299 531 471 602 ordinatur,
499 529 583 589 dicet
610 530 759 609 populus3
796 531 890 590 “Nos
916 531 1065 609 eligimus
1093 529 1261 590 eum.”—9.

143 624 262 685 Deinde
281 626 404 684 silentio
423 624 507 683 fecto
526 625 560 682 in
578 631 646 684 toto
658 644 750 702 grege
768 635 838 702 post
851 624 1077 706 ἐξομλόγφιν,
1091 644 1201 684 omnes
1213 643 1264 701 pro

143 737 179 778 eo
199 724 288 777 orent
309 715 461 777 dicentes:
486 715 540 775 “O
561 717 654 789 Deus,
676 717 837 776 corrobora
857 715 939 775 hunc
959 735 1056 795 quem
1074 717 1170 775 nobis
1183 736 1264 794 pree

142 810 376 887 perusti.''-10.
406 808 527 869 Deinde
547 810 679 887 eligetur
699 830 779 869 unus
799 829 837 868 ex
855 811 1002 887 episcopis
1016 817 1051 868 et
1065 811 1261 888 presbyteris,

143 907 199 982 qui
219 924 344 964 menum
363 905 459 982 cepiti
478 904 545 980 ejus
563 905 701 982 imponet
719 913 752 964 et
771 911 846 976 oret,
862 904 966 964 dicens
978 907 1080 964 :—ll.
1106 905 1166 965 “0
1183 907 1263 965 Deus

144 1006 232 1075 pater
265 997 381 1057 domini
414 998 512 1055 nostri
545 996 621 1058 Jesu
655 996 779 1069 Christi,
808 1005 896 1075 peter
923 998 1209 1058 misericordiarum
1233 1006 1263 1057 et

147 1096 232 1154 Deus
252 1095 351 1152 totius
370 1092 595 1165 consolationis,
616 1096 672 1173 qui
692 1093 815 1152 habitet
834 1095 868 1152 in
886 1094 959 1152 eltis
978 1101 1012 1153 et
1026 1093 1162 1153 humilis
1177 1096 1265 1173 respi-

145 1191 198 1261 cit,
220 1189 273 1265 qui
294 1187 381 1245 novit
404 1188 504 1246 omnia
528 1193 692 1264 antequem
716 1189 793 1247 fient
803 1188 902 1261 5-12.
927 1189 1044 1266 tuqui
1068 1190 1262 1249 constituisti

148 1283 223 1340 fines
245 1282 405 1353 Ecclesiae,
426 1282 513 1357 cujus
533 1282 659 1358 imperio
679 1282 716 1341 fit
735 1288 771 1341 ut
788 1301 828 1340 ex
840 1281 962 1341 Ademo
975 1291 1159 1359 perseveret
1171 1303 1263 1361 genus

140 1378 269 1452 justum,
292 1377 410 1434 ratione
435 1375 526 1451 hujus
550 1375 682 1453 episcopi
705 1377 759 1453 qui
783 1382 831 1434 est
854 1395 982 1452 magnus
1006 1375 1187 1448 Abrehem,
1211 1379 1263 1455 qui

145 1469 335 1546 praelaturas
369 1474 402 1527 et
428 1470 619 1546 principatus
646 1470 810 1527 constituit
818 1470 917 1539 ;-13.
953 1469 1071 1545 respice
1100 1488 1196 1545 super
1223 1469 1262 1528 N.

146 1583 265 1622 servum
293 1571 390 1635 tuum,
419 1563 559 1622 tribuens
586 1564 735 1623 virtutem
763 1570 849 1622 tuem
876 1570 909 1621 et
936 1563 1080 1639 spiritum
1114 1564 1264 1622 efficscem

145 1681 235 1737 quern
257 1662 395 1719 tribuisti
416 1663 530 1720 sanctis
552 1662 698 1739 apostolis
725 1681 779 1738 per
806 1662 961 1720 dominum
985 1669 1132 1722 nostrum
1158 1663 1262 1723 Jesum

146 1756 302 1813 Christum
323 1755 419 1813 filium
440 1761 529 1814 tuum
550 1757 682 1827 unicum,
703 1755 765 1812 illie
785 1755 839 1833 qui
859 1754 1071 1814 fundaverunt
1092 1754 1263 1816 Ecclesium

145 1850 180 1907 in
207 1850 289 1907 omni
313 1848 378 1906 loco
399 1847 438 1905 cd
461 1848 604 1907 honorem
626 1854 659 1906 et
680 1847 807 1924 glorium
829 1848 960 1906 nominis
982 1848 1032 1906 tui
1054 1851 1262 1909 sancti—14.

147 1942 226 2012 Quis
245 1948 281 2001 tu
303 1942 471 2017 cognovisti
491 1960 542 2000 cor
562 1943 808 2018 uniuscujusque,
833 1941 961 2001 concede
983 1941 1031 2000 illi
1052 1949 1091 2001 ut
1113 1944 1183 2021 ipse
1201 1947 1267 2004 sine

146 2044 270 2115 peccato
284 2035 388 2095 videet
405 2037 549 2114 populum
566 2043 664 2108 tuum,
679 2044 715 2094 ut
728 2042 882 2094 mercetur
894 2055 1017 2113 pescere
1031 2056 1162 2114 gregem
1176 2046 1263 2099 tuum

146 2150 288 2208 magnum
307 2130 525 2187 sacrum—15.
548 2129 641 2187 Effice
659 2130 752 2188 etiem
769 2135 805 2187 ut
818 2148 915 2189 mores
929 2130 995 2206 ojus
1008 2131 1075 2188 sint
1090 2132 1265 2209 superiores

146 2224 229 2282 omni
247 2222 357 2300 populo
375 2223 440 2280 sine
459 2221 522 2279 ulla
541 2222 845 2281 declinatione-16.
868 2221 960 2280 Effice
974 2222 1069 2283 etiem
1083 2232 1125 2282 ut
1140 2233 1266 2303 propter

146 2318 368 2398 preestentiern
395 2317 443 2375 illi
469 2318 508 2375 eb
535 2317 676 2376 omnibus
703 2317 886 2389 invideatur,
915 2325 949 2375 et
976 2319 1080 2396 eccipe
1109 2322 1266 2380 orationes

147 2417 213 2490 ejus
240 2419 273 2471 et
299 2412 468 2470 oblationes
492 2413 559 2486 ejus
582 2431 659 2489 ques
682 2412 741 2469 tibi
765 2411 871 2470 offeret
893 2411 942 2469 die
964 2418 1120 2489 noctuque
1144 2422 1179 2472 et
1201 2416 1265 2474 sint

147 2508 205 2565 tibi
225 2505 298 2564 odor
319 2504 520 2564 suevis—17.
542 2505 655 2564 Tribue
672 2506 765 2563 etiem
784 2505 838 2576 illi,
858 2524 877 2564 o
894 2503 1033 2576 Domine,
1050 2507 1264 2585 episcopatum

146 2609 179 2659 et
199 2600 340 2677 spiritum
360 2598 539 2657 clementem
558 2605 591 2657 et
611 2604 794 2675 potestatem
814 2598 854 2657 ed
875 2599 1061 2658 remittenda
1074 2611 1207 2676 peccate
1216 2624 1264 2677 ;-

149 2697 196 2754 18.
231 2702 264 2753 et
298 2695 400 2752 tribue
434 2694 481 2751 illi
510 2694 691 2752 fucultatem
718 2694 757 2752 cd
786 2694 978 2753 dissolvenda
1005 2696 1111 2753 omnis
1140 2699 1265 2757 vincule

147 2787 319 2865 iniquitatis
341 2787 521 2845 daemonum
542 2794 574 2846 et
595 2787 635 2847 ed
654 2786 804 2846 sanandos
822 2806 926 2846 omnes
944 2788 1073 2859 morbos,
1088 2797 1124 2848 et
1139 2799 1265 2851 contere

147 2883 293 2941 Satenem
323 2881 380 2938 sub
406 2880 533 2956 pedibus
560 2881 626 2957 ejus
652 2880 805 2939 velociter.
848 2879 908 2938 Per
935 2879 1091 2939 dominum
1121 2892 1264 2943 nostrum

147 2976 169 3035 J
171 2995 253 3033 esum
273 2973 437 3045 Christum,
454 2993 507 3051 per
521 2993 611 3051 quem
628 2973 687 3032 tibi
701 2974 796 3050 glorie
809 2992 878 3031 cum
892 2974 957 3050 ipso
970 2980 1003 3032 et
1016 2973 1140 3051 Spiritu
1154 2985 1264 3037 sancto

148 3070 181 3127 in
195 3068 314 3126 saecule
328 3066 524 3125 saeculorum.
566 3065 694 3125 Amcn.'’

212 3164 259 3221 19.
282 3161 356 3219 Post
376 3159 450 3218 haec
471 3167 652 3218 convertent
673 3179 704 3218 se
725 3179 828 3218 omnes
845 3158 886 3217 cd
904 3178 981 3231 eum,
997 3160 1173 3222 osculantes
1191 3184 1261 3224 eum

147 3258 182 3315 in
209 3275 292 3333 pace,
320 3255 391 3332 quis
418 3254 470 3313 ille
497 3253 553 3312 hoc
577 3254 811 3315 meretur—20.
843 3254 998 3312 Diaconus
1019 3261 1126 3314 autem
1152 3259 1263 3318 efferet

148 3351 326 3420 oblationes,
356 3355 388 3407 et
416 3349 468 3406 ille
495 3348 547 3425 qui
575 3348 675 3406 fectus
703 3356 750 3406 est
778 3349 943 3424 episcopus,
967 3348 1106 3424 imponet
1135 3371 1262 3413 menum

149 3466 238 3523 super
258 3444 464 3504 oblationibus
485 3462 636 3502 unacum
657 3443 851 3520 presbyteris,
870 3441 1081 3502 dicenez—-ssl,
1104 3443 1142 3503 Ὀ
1157 3448 1264 3523 Κύριος

149 3540 438 3618 perberim—22.
467 3538 662 3616 Respondeat
685 3538 832 3616 populus:
857 3537 928 3595 “Et
951 3557 1020 3597 cum
1042 3540 1156 3616 spiritu
1179 3542 1263 3602 tuo.”

150 3636 239 3694 -23,
262 3637 374 3695 Dicet:
392 3633 471 3694 Ἀνω
489 3635 565 3710 ὑμῶν
581 3635 632 3696 τὰς
653 3632 866 3708 sapidius—24.
890 3631 1087 3709 Respondeat
1107 3638 1264 3713 populus:

144 3725 272 3806 Ἔχομεν
304 3732 376 3806 πρὸς
408 3725 459 3786 τὸν
493 3728 700 3803 Rspice—25.
740 3725 1002 3806 Εὔχαριστήσωμεν
1039 3733 1078 3805 τῷ
1112 3731 1264 3809 Κυρίῳ.-

151 3823 199 3879 26.
230 3822 272 3879 Et
300 3821 499 3899 respondeat:
530 3819 630 3890 Ἀξιον
651 3820 698 3878 καὶ
719 3819 832 3890 δίκαιον,
853 3818 948 3896 [quod
974 3820 1149 3896 siguificat:
1187 3824 1264 3900 Dig-

151 3935 223 3972 num
250 3913 413 3995 cst.]-27.
449 3914 559 3974 Postea
595 3919 698 3972 cutem
736 3911 820 3972 dicet
856 3912 1025 3972 cretionem
1052 3920 1086 3972 et
1119 3915 1263 3993 perficiet

152 4029 281 4069 inissem.
