2814 4816
614 431 789 482 maraon.
1192 414 1257 482 457

212 588 332 648 Deinde
361 588 581 649 oblationarius
611 589 778 649 inluminat
807 590 883 652 duos
918 610 1020 652 cereos
1057 599 1131 652 ante
1164 609 1258 651 secre-

149 684 229 743 tario
254 703 311 762 pro
344 683 507 743 luminaris
533 681 724 762 pontificiam
759 685 839 765 quod
871 692 919 746 est
949 686 1137 747 consuetudo
1174 685 1257 746 omni

151 783 293 853 tempore,
322 783 354 836 et
382 777 556 838 anteoaedit
583 784 658 838 ante
686 778 900 857 pontificem,‘¹⁰
932 787 967 840 et
990 781 1078 859 ponit
1100 799 1151 841 eos
1174 786 1258 840 retro

149 871 256 944 altaro,
285 872 320 931 in
346 870 407 931 duo
437 871 629 948 candelabra,
657 872 765 933 dextra
796 874 932 953 levaque
990 875 1112 935 Deinde
1137 874 1258 934 inlumi-

149 971 227 1023 nant
268 964 392 1025 acolithi
431 971 601 1025 cereostata
614 964 650 1004 (Μ)
693 973 768 1026 ante
803 968 967 1027 sacrarium
1009 974 1042 1028 et
1082 967 1258 1046 acgreditur

148 1057 290 1136 pontifex
310 1058 349 1118 de
368 1060 500 1118 secrario
520 1079 590 1118 cum
610 1058 797 1136 diaconibus,
813 1068 956 1120 tenentes
976 1080 1045 1121 eum
1063 1061 1125 1122 duo
1147 1062 1259 1121 dextra

150 1153 285 1231 levaque,
314 1159 347 1212 et
374 1152 452 1213 VII.
481 1160 671 1214 caereostata
696 1155 886 1232 prcoaedunt
918 1161 993 1216 ante
1018 1175 1089 1216 eum
1123 1163 1156 1216 et
1190 1157 1259 1215 sub

148 1246 315 1306 diaconus¹
358 1248 521 1325 temporita
535 1246 568 1285 ‘¹⁷'
612 1267 681 1308 cum
722 1248 1010 1310 thimiamaterium
1045 1255 1119 1310 ante
1159 1251 1258 1328 ponti-

148 1342 243 1402 ficem.
318 1340 362 1400 Et
395 1341 455 1420 ipsi
487 1342 608 1402 diaconi
646 1342 781 1421 planitas
825 1342 961 1404 habeant
997 1343 1124 1404 indutas
1168 1363 1259 1423 super

149 1436 337 1509 dalmaticae,
367 1456 461 1515 usque
488 1437 561 1497 dum
590 1437 732 1497 venerint
759 1456 828 1497 oum
854 1439 1000 1516 pontifice
1033 1439 1074 1498 ad
1108 1458 1258 1499 summum

148 1531 371 1608 presbiterium.
414 1530 540 1591 Etcum
554 1531 738 1604 introierint,
753 1538 868 1591 nuent
880 1533 1017 1611 planitas
1037 1552 1112 1611 quas
1131 1532 1256 1606 habent,

148 1632 182 1683 et
199 1625 352 1702 recipiunt
370 1645 421 1684 eas
441 1625 576 1684 ministri
596 1626 738 1703 ipsorum.
781 1626 825 1686 Et
839 1625 912 1686 dum
926 1627 1040 1688 viderit
1055 1626 1259 1688 subdiaconus

148 1719 264 1796 primus
291 1718 330 1777 de
356 1719 438 1778 scola
463 1737 515 1778 eos
541 1719 696 1796 expoliare
722 1725 756 1778 et
782 1720 957 1797 pontificem
983 1720 1190 1780 introeuntem
1224 1720 1259 1778 in

148 1813 336 1890 presbiterio,
368 1812 503 1890 expoliat
529 1831 563 1871 se
588 1813 709 1891 planita
736 1833 797 1894 qua
830 1820 878 1873 est
912 1812 1051 1887 indutus,
1082 1819 1115 1874 et
1149 1815 1258 1893 recipit

148 1927 214 1966 eam
241 1907 387 1967 accolitus
408 1906 448 1967 de
471 1908 562 1969 scola.
604 1908 647 1967 Et
671 1916 802 1985 surgrmt
823 1908 996 1969 sacerdotes
1020 1914 1053 1968 et
1077 1914 1172 1968 stant.
1215 1909 1258 1971 Et

149 2001 325 2061 subdiaconi
338 2003 391 2081 qui
405 2001 611 2062 antecaedunt
622 2003 796 2080 pontificem
810 2022 872 2061 non
885 2007 1047 2062 transcant
1059 2021 1113 2080 per
1126 2002 1259 2062 medium

149 2096 256 2168 scolae,
284 2095 337 2154 sed
365 2095 476 2155 dextra
503 2096 632 2174 levaque
665 2102 784 2156 stantes
813 2096 924 2156 subtus
951 2095 1094 2169 cancesso,
1125 2095 1197 2155 hinc
1227 2101 1261 2155 et

149 2190 227 2249 inde.
292 2189 334 2249 Et
369 2209 438 2249 oum
471 2189 761 2268 adpropinquaverit
793 2190 935 2269 pontifex
968 2191 1059 2264 scola,
1094 2195 1182 2250 stant
1215 2191 1260 2251 ibi

148 2284 275 2345 acolithi
295 2304 364 2345 cum
383 2290 561 2356 cereostata
577 2290 744 2360 mutantes,
760 2285 918 2346 novissimi
936 2285 1036 2363 primi.
1079 2285 1123 2345 Et
1143 2285 1258 2344 transit

148 2380 287 2459 pontifex
314 2399 383 2440 cum
405 2380 540 2440 diaconis
566 2399 621 2457 per
644 2379 776 2439 mediam
795 2379 915 2456 scolam,
937 2386 970 2439 at
989 2381 1102 2439 annuit
1120 2380 1220 2458 primo
1228 2380 1258 2418 Μ

148 2472 246 2532 scolae
273 2477 310 2532 ut
336 2472 459 2532 dicatur
488 2470 599 2532 Gloria.
642 2471 686 2530 Et
713 2472 799 2531 venit
826 2471 908 2550 prior
932 2471 1089 2551 episcopus
1115 2477 1149 2531 et
1174 2471 1258 2549 prior

147 2570 318 2649 presbiter3
351 2570 408 2630 dat
438 2571 482 2629 eis
509 2589 614 2647 pacem
637 2569 787 2648 pontifex,
808 2567 921 2629 deinde
947 2575 980 2628 et
1002 2569 1042 2629 sd
1069 2567 1257 2631 diaconosf'l

148 2666 242 2725 Etsi
269 2665 409 2744 pontifex
435 2665 560 2724 minime
586 2664 693 2737 fuerit,
719 2664 860 2724 similiter
892 2663 948 2722 dat
981 2663 1126 2722 diaeonus
1152 2681 1256 2741 pacem

147 2761 201 2838 qui
225 2762 292 2838 ipsa
312 2760 382 2819 diac
403 2759 539 2818 lecturus
560 2763 608 2817 est
629 2757 829 2836 evangelium.
881 2756 1002 2816 Deinde
1027 2757 1156 2835 psallit²
1182 2762 1257 2816 ante

148 2856 256 2929 altare,
284 2862 317 2915 et
348 2860 414 2915 stat
449 2854 598 2914 inclinato
631 2854 732 2931 capite
759 2859 792 2912 at
818 2851 939 2911 diaconi
969 2851 1120 2913 similiter.
1173 2851 1256 2912 Dum

147 2950 263 3011 dixerit
289 2949 370 3009 scola
397 2947 478 3010 Sicut
504 2955 570 3009 erat
595 2946 627 3008 ia
650 2945 806 3026 principie,
837 2945 961 3024 erigunt
994 2964 1028 3006 se
1060 2943 1182 3013 diaconi
1214 2944 1256 3003 ab

610 3206 640 3276 (i)
659 3205 788 3277 pontifex.

599 3290 638 3360 (ii)
657 3288 786 3360 pontifex.

593 3373 644 3443 (iii)
663 3389 735 3428 ceor.

590 3457 640 3529 (iv)
658 3455 781 3529 teperite.

598 3541 638 3612 (v)
657 3539 782 3612 panum,

590 3623 639 3695 (vi)
658 3623 809 3680 diaconum.

194 3887 278 3939 ¹Tbe
304 3885 449 3939 subdcaoon
475 3884 607 3952 munta
628 3897 765 3950 rasppears
785 3883 854 3935 later
874 3899 915 3936 on.
948 3883 1016 3936 Ido
1037 3886 1083 3936 not
1109 3883 1185 3938 know
1206 3885 1254 3940 the

144 3966 268 4030 meaning
277 3965 307 4016 oi
315 3965 370 4016 this
379 3961 567 4030 qualiflcstfon

192 4046 203 4074 ²
220 4045 252 4094 In
269 4044 324 4094 thia
341 4045 399 4093 text
415 4041 461 4092 the
472 4041 535 4093 verb
549 4041 663 4107 psalma,
680 4038 781 4093 besides
797 4040 832 4091 its
848 4039 970 4104 ordinary
987 4039 1112 4106 meaning
1128 4043 1156 4093 to
1172 4041 1254 4094 ohant

143 4137 160 4173 a
171 4122 261 4187 psalm,
272 4119 388 4186 significa
398 4120 461 4171 here
472 4122 499 4171 to
509 4117 610 4172 ascend
