<?xml version="1.0" encoding="UTF-8"?>
<!DOCTYPE html PUBLIC "-//W3C//DTD XHTML 1.0 Transitional//EN"
    "http://www.w3.org/TR/xhtml1/DTD/xhtml1-transitional.dtd">
<html xmlns="http://www.w3.org/1999/xhtml" xml:lang="en" lang="en">
 <head>
  <title>
</title>
<meta http-equiv="Content-Type" content="text/html;charset=utf-8" />
  <meta name='ocr-system' content='tesseract 3.04.00' />
  <meta name='ocr-capabilities' content='ocr_page ocr_carea ocr_par ocr_line ocrx_word'/>
</head>
<body>
  <div class='ocr_page' id='page_1' title='image "./christianworshi01mcclgoog_0529.png"; bbox 0 0 2806 4822; ppageno 0'>
   <div class='ocr_carea' id='block_1_1' title="bbox 138 414 1157 480">
    <p class='ocr_par' dir='ltr' id='par_1_1' title="bbox 138 414 1157 480">
     <span class='ocr_line' id='line_1_1' title="bbox 138 414 1157 480; baseline 0.002 -4"><span class='ocrx_word' id='word_1_1' title='bbox 138 414 200 476; x_wconf 87' lang='lat'><strong>508</strong></span> <span class='ocrx_word' id='word_1_2' title='bbox 247 429 425 478; x_wconf 72' lang='lat' dir='ltr'><strong>oneremur</strong></span> <span class='ocrx_word' id='word_1_3' title='bbox 449 429 620 480; x_wconf 79' lang='lat' dir='ltr'><strong>woesurr:</strong></span> <span class='ocrx_word' id='word_1_4' title='bbox 644 430 835 480; x_wconf 78' lang='lat' dir='ltr'><strong>1rsoe1u1r</strong></span> <span class='ocrx_word' id='word_1_5' title='bbox 859 430 1157 480; x_wconf 61' lang='lat' dir='ltr'><strong>suessonense</strong></span> 
     </span>
    </p>
   </div>
   <div class='ocr_carea' id='block_1_2' title="bbox 330 802 1060 883">
    <p class='ocr_par' dir='ltr' id='par_1_2' title="bbox 330 802 1060 883">
     <span class='ocr_line' id='line_1_2' title="bbox 330 802 1060 883; baseline 0.007 -22"><span class='ocrx_word' id='word_1_6' title='bbox 330 803 373 881; x_wconf 80' lang='lat' dir='ltr'><strong>(t)</strong></span> <span class='ocrx_word' id='word_1_7' title='bbox 395 802 488 881; x_wconf 74' lang='lat' dir='ltr'><strong>Niptt</strong></span> <span class='ocrx_word' id='word_1_8' title='bbox 508 803 624 865; x_wconf 74' lang='lat' dir='ltr'><strong>station</strong></span> <span class='ocrx_word' id='word_1_9' title='bbox 644 825 680 865; x_wconf 80' lang='lat' dir='ltr'><strong>on</strong></span> <span class='ocrx_word' id='word_1_10' title='bbox 702 806 748 866; x_wconf 79' lang='lat' dir='ltr'><strong>tte</strong></span> <span class='ocrx_word' id='word_1_11' title='bbox 770 805 874 867; x_wconf 73' lang='lat' dir='ltr'><strong>Mouet</strong></span> <span class='ocrx_word' id='word_1_12' title='bbox 894 806 931 883; x_wconf 82' lang='lat' dir='ltr'><strong>os</strong></span> <span class='ocrx_word' id='word_1_13' title='bbox 950 805 1060 867; x_wconf 80' lang='lat' dir='ltr'><strong>Olives.</strong></span> 
     </span>
    </p>
   </div>
   <div class='ocr_carea' id='block_1_3' title="bbox 141 1018 1263 2227">
    <p class='ocr_par' dir='ltr' id='par_1_3' title="bbox 141 1018 1263 2227">
     <span class='ocr_line' id='line_1_3' title="bbox 203 1018 1258 1099; baseline 0.001 -23"><span class='ocrx_word' id='word_1_14' title='bbox 203 1018 246 1076; x_wconf 84' lang='lat' dir='ltr'><strong>Et</strong></span> <span class='ocrx_word' id='word_1_15' title='bbox 260 1021 303 1078; x_wconf 89' lang='lat' dir='ltr'><strong>sic</strong></span> <span class='ocrx_word' id='word_1_16' title='bbox 318 1022 523 1099; x_wconf 88' lang='lat' dir='ltr'><strong>uuusquisque</strong></span> <span class='ocrx_word' id='word_1_17' title='bbox 542 1021 672 1080; x_wconf 73' lang='lat' dir='ltr'><strong>festinat</strong></span> <span class='ocrx_word' id='word_1_18' title='bbox 693 1022 806 1080; x_wconf 88' lang='lat' dir='ltr'><strong>reverti</strong></span> <span class='ocrx_word' id='word_1_19' title='bbox 820 1022 853 1079; x_wconf 91' lang='lat' dir='ltr'><strong>in</strong></span> <span class='ocrx_word' id='word_1_20' title='bbox 867 1021 988 1080; x_wconf 89' lang='lat' dir='ltr'><strong>domum</strong></span> <span class='ocrx_word' id='word_1_21' title='bbox 1010 1040 1111 1092; x_wconf 88' lang='lat' dir='ltr'><strong>suam,</strong></span> <span class='ocrx_word' id='word_1_22' title='bbox 1127 1026 1165 1078; x_wconf 90' lang='lat' dir='ltr'><strong>ut</strong></span> <span class='ocrx_word' id='word_1_23' title='bbox 1180 1039 1258 1078; x_wconf 89' lang='lat' dir='ltr'><strong>man·</strong></span> 
     </span>
     <span class='ocr_line' id='line_1_4' title="bbox 141 1111 1257 1192; baseline 0 -22"><span class='ocrx_word' id='word_1_24' title='bbox 141 1111 233 1171; x_wconf 87' lang='lat' dir='ltr'><strong>ducet</strong></span> <span class='ocrx_word' id='word_1_25' title='bbox 243 1133 252 1186; x_wconf 91' lang='lat'>;</span> <span class='ocrx_word' id='word_1_26' title='bbox 272 1115 344 1192; x_wconf 82' lang='lat' dir='ltr'><strong>qnia</strong></span> <span class='ocrx_word' id='word_1_27' title='bbox 364 1116 471 1173; x_wconf 85' lang='lat' dir='ltr'><strong>stetim</strong></span> <span class='ocrx_word' id='word_1_28' title='bbox 490 1121 527 1173; x_wconf 88' lang='lat' dir='ltr'><strong>ut</strong></span> <span class='ocrx_word' id='word_1_29' title='bbox 544 1113 807 1186; x_wconf 75' lang='lat' dir='ltr'>manducaverint,</span> <span class='ocrx_word' id='word_1_30' title='bbox 823 1133 926 1173; x_wconf 87' lang='lat' dir='ltr'><strong>omnes</strong></span> <span class='ocrx_word' id='word_1_31' title='bbox 946 1113 1065 1172; x_wconf 81' lang='lat' dir='ltr'><strong>vedent</strong></span> <span class='ocrx_word' id='word_1_32' title='bbox 1087 1115 1120 1171; x_wconf 92' lang='lat' dir='ltr'><strong>in</strong></span> <span class='ocrx_word' id='word_1_33' title='bbox 1135 1112 1257 1183; x_wconf 71' lang='lat' dir='ltr'><strong>Eleona</strong></span> 
     </span>
     <span class='ocr_line' id='line_1_5' title="bbox 142 1204 1257 1287; baseline 0.002 -23"><span class='ocrx_word' id='word_1_34' title='bbox 142 1204 175 1263; x_wconf 92' lang='lat' dir='ltr'><strong>in</strong></span> <span class='ocrx_word' id='word_1_35' title='bbox 190 1207 315 1265; x_wconf 90' lang='lat' dir='ltr'><strong>ecclesia</strong></span> <span class='ocrx_word' id='word_1_36' title='bbox 328 1226 371 1279; x_wconf 85' lang='lat' dir='ltr'><strong>ea,</strong></span> <span class='ocrx_word' id='word_1_37' title='bbox 388 1208 422 1265; x_wconf 94' lang='lat' dir='ltr'><strong>in</strong></span> <span class='ocrx_word' id='word_1_38' title='bbox 435 1228 496 1285; x_wconf 85' lang='lat' dir='ltr'><strong>qus</strong></span> <span class='ocrx_word' id='word_1_39' title='bbox 509 1215 557 1267; x_wconf 87' lang='lat' dir='ltr'><strong>est</strong></span> <span class='ocrx_word' id='word_1_40' title='bbox 571 1209 715 1286; x_wconf 88' lang='lat' dir='ltr'><strong>spelunca</strong></span> <span class='ocrx_word' id='word_1_41' title='bbox 728 1211 762 1268; x_wconf 89' lang='lat' dir='ltr'><strong>in</strong></span> <span class='ocrx_word' id='word_1_42' title='bbox 775 1229 836 1287; x_wconf 82' lang='lat' dir='ltr'><strong>qus</strong></span> <span class='ocrx_word' id='word_1_43' title='bbox 856 1209 921 1286; x_wconf 89' lang='lat' dir='ltr'><strong>ipsa</strong></span> <span class='ocrx_word' id='word_1_44' title='bbox 941 1209 992 1268; x_wconf 91' lang='lat' dir='ltr'><strong>die</strong></span> <span class='ocrx_word' id='word_1_45' title='bbox 1014 1209 1172 1268; x_wconf 79' lang='lat' dir='ltr'><strong>Dominus</strong></span> <span class='ocrx_word' id='word_1_46' title='bbox 1193 1227 1257 1267; x_wconf 87' lang='lat' dir='ltr'><strong>cum</strong></span> 
     </span>
     <span class='ocr_line' id='line_1_6' title="bbox 142 1301 1257 1380; baseline 0.002 -22"><span class='ocrx_word' id='word_1_47' title='bbox 142 1301 285 1375; x_wconf 87' lang='lat' dir='ltr'><strong>apostolis</strong></span> <span class='ocrx_word' id='word_1_48' title='bbox 312 1301 381 1359; x_wconf 84' lang='lat' dir='ltr'><strong>fuit.</strong></span> <span class='ocrx_word' id='word_1_49' title='bbox 425 1301 468 1359; x_wconf 84' lang='lat' dir='ltr'><strong>Et</strong></span> <span class='ocrx_word' id='word_1_50' title='bbox 494 1303 539 1360; x_wconf 89' lang='lat' dir='ltr'><strong>ibi</strong></span> <span class='ocrx_word' id='word_1_51' title='bbox 567 1323 661 1380; x_wconf 87' lang='lat' dir='ltr'><strong>usque</strong></span> <span class='ocrx_word' id='word_1_52' title='bbox 685 1302 725 1361; x_wconf 85' lang='lat' dir='ltr'><strong>sd</strong></span> <span class='ocrx_word' id='word_1_53' title='bbox 749 1302 824 1362; x_wconf 85' lang='lat' dir='ltr'><strong>hore</strong></span> <span class='ocrx_word' id='word_1_54' title='bbox 852 1303 950 1361; x_wconf 87' lang='lat' dir='ltr'><strong>noctis</strong></span> <span class='ocrx_word' id='word_1_55' title='bbox 977 1302 1115 1361; x_wconf 72' lang='lat' dir='ltr'><strong>forsitan</strong></span> <span class='ocrx_word' id='word_1_56' title='bbox 1142 1302 1257 1379; x_wconf 68' lang='lat' dir='ltr'><strong>quinta</strong></span> 
     </span>
     <span class='ocr_line' id='line_1_7' title="bbox 142 1395 1260 1475; baseline 0.003 -24"><span class='ocrx_word' id='word_1_57' title='bbox 142 1412 259 1470; x_wconf 89' lang='lat' dir='ltr'><strong>semper</strong></span> <span class='ocrx_word' id='word_1_58' title='bbox 281 1403 335 1453; x_wconf 83' lang='lat' dir='ltr'><strong>sut</strong></span> <span class='ocrx_word' id='word_1_59' title='bbox 356 1396 451 1473; x_wconf 85' lang='lat' dir='ltr'><strong>ymni,</strong></span> <span class='ocrx_word' id='word_1_60' title='bbox 473 1402 529 1454; x_wconf 90' lang='lat' dir='ltr'><strong>aut</strong></span> <span class='ocrx_word' id='word_1_61' title='bbox 551 1397 738 1475; x_wconf 76' lang='lat' dir='ltr'><strong>antiphonae</strong></span> <span class='ocrx_word' id='word_1_62' title='bbox 765 1405 856 1475; x_wconf 85' lang='lat' dir='ltr'><strong>eptae</strong></span> <span class='ocrx_word' id='word_1_63' title='bbox 879 1396 941 1456; x_wconf 92' lang='lat' dir='ltr'><strong>diei</strong></span> <span class='ocrx_word' id='word_1_64' title='bbox 962 1402 996 1455; x_wconf 89' lang='lat' dir='ltr'><strong>et</strong></span> <span class='ocrx_word' id='word_1_65' title='bbox 1017 1395 1094 1468; x_wconf 90' lang='lat' dir='ltr'><strong>loeo,</strong></span> <span class='ocrx_word' id='word_1_66' title='bbox 1118 1397 1260 1455; x_wconf 85' lang='lat' dir='ltr'><strong>similiter</strong></span> 
     </span>
     <span class='ocr_line' id='line_1_8' title="bbox 142 1487 1259 1569; baseline 0.004 -25"><span class='ocrx_word' id='word_1_67' title='bbox 142 1494 175 1545; x_wconf 89' lang='lat' dir='ltr'><strong>et</strong></span> <span class='ocrx_word' id='word_1_68' title='bbox 196 1487 339 1547; x_wconf 85' lang='lat' dir='ltr'><strong>lectiones</strong></span> <span class='ocrx_word' id='word_1_69' title='bbox 361 1489 525 1562; x_wconf 89' lang='lat' dir='ltr'><strong>dicuntur;</strong></span> <span class='ocrx_word' id='word_1_70' title='bbox 548 1491 750 1569; x_wconf 77' lang='lat' dir='ltr'><strong>interpositae</strong></span> <span class='ocrx_word' id='word_1_71' title='bbox 771 1492 924 1551; x_wconf 89' lang='lat' dir='ltr'><strong>orationes</strong></span> <span class='ocrx_word' id='word_1_72' title='bbox 946 1491 1027 1550; x_wconf 86' lang='lat' dir='ltr'><strong>liunt</strong></span> <span class='ocrx_word' id='word_1_73' title='bbox 1039 1511 1049 1565; x_wconf 88' lang='lat'>;</span> <span class='ocrx_word' id='word_1_74' title='bbox 1079 1490 1148 1549; x_wconf 90' lang='lat' dir='ltr'><strong>loca</strong></span> <span class='ocrx_word' id='word_1_75' title='bbox 1170 1491 1259 1549; x_wconf 82' lang='lat' dir='ltr'><strong>etism</strong></span> 
     </span>
     <span class='ocr_line' id='line_1_9' title="bbox 142 1581 1260 1663; baseline 0.004 -24"><span class='ocrx_word' id='word_1_76' title='bbox 142 1601 179 1639; x_wconf 89' lang='lat' dir='ltr'><strong>ea</strong></span> <span class='ocrx_word' id='word_1_77' title='bbox 193 1581 230 1640; x_wconf 90' lang='lat' dir='ltr'><strong>de</strong></span> <span class='ocrx_word' id='word_1_78' title='bbox 243 1584 400 1659; x_wconf 88' lang='lat' dir='ltr'><strong>evangelio</strong></span> <span class='ocrx_word' id='word_1_79' title='bbox 420 1583 564 1661; x_wconf 85' lang='lat' dir='ltr'><strong>leguntur</strong></span> <span class='ocrx_word' id='word_1_80' title='bbox 578 1586 612 1644; x_wconf 91' lang='lat' dir='ltr'><strong>in</strong></span> <span class='ocrx_word' id='word_1_81' title='bbox 626 1585 736 1663; x_wconf 90' lang='lat' dir='ltr'><strong>quibus</strong></span> <span class='ocrx_word' id='word_1_82' title='bbox 758 1586 909 1644; x_wconf 83' lang='lat' dir='ltr'><strong>Dominus</strong></span> <span class='ocrx_word' id='word_1_83' title='bbox 928 1585 1083 1644; x_wconf 75' lang='lat' dir='ltr'><strong>allocutus</strong></span> <span class='ocrx_word' id='word_1_84' title='bbox 1104 1590 1156 1644; x_wconf 86' lang='lat' dir='ltr'><strong>est</strong></span> <span class='ocrx_word' id='word_1_85' title='bbox 1177 1585 1260 1644; x_wconf 85' lang='lat' dir='ltr'><strong>disci·</strong></span> 
     </span>
     <span class='ocr_line' id='line_1_10' title="bbox 142 1674 1259 1756; baseline 0.004 -23"><span class='ocrx_word' id='word_1_86' title='bbox 142 1675 229 1753; x_wconf 87' lang='lat' dir='ltr'><strong>pulos</strong></span> <span class='ocrx_word' id='word_1_87' title='bbox 242 1674 347 1734; x_wconf 90' lang='lat' dir='ltr'><strong>eadem</strong></span> <span class='ocrx_word' id='word_1_88' title='bbox 360 1676 418 1748; x_wconf 93' lang='lat' dir='ltr'><strong>die,</strong></span> <span class='ocrx_word' id='word_1_89' title='bbox 438 1676 546 1736; x_wconf 90' lang='lat' dir='ltr'><strong>sedens</strong></span> <span class='ocrx_word' id='word_1_90' title='bbox 566 1679 600 1737; x_wconf 91' lang='lat' dir='ltr'><strong>in</strong></span> <span class='ocrx_word' id='word_1_91' title='bbox 619 1678 723 1738; x_wconf 89' lang='lat' dir='ltr'><strong>eadem</strong></span> <span class='ocrx_word' id='word_1_92' title='bbox 744 1679 887 1755; x_wconf 72' lang='lat' dir='ltr'><strong>spelunca</strong></span> <span class='ocrx_word' id='word_1_93' title='bbox 905 1697 983 1756; x_wconf 82' lang='lat' dir='ltr'><strong>quse</strong></span> <span class='ocrx_word' id='word_1_94' title='bbox 996 1679 1030 1736; x_wconf 91' lang='lat' dir='ltr'><strong>in</strong></span> <span class='ocrx_word' id='word_1_95' title='bbox 1044 1678 1114 1756; x_wconf 79' lang='lat' dir='ltr'><strong>ipss</strong></span> <span class='ocrx_word' id='word_1_96' title='bbox 1133 1679 1259 1738; x_wconf 82' lang='lat' dir='ltr'><strong>ecclesia</strong></span> 
     </span>
     <span class='ocr_line' id='line_1_11' title="bbox 143 1771 1260 1850; baseline 0.004 -22"><span class='ocrx_word' id='word_1_97' title='bbox 143 1778 200 1830; x_wconf 90' lang='lat' dir='ltr'><strong>est.</strong></span> <span class='ocrx_word' id='word_1_98' title='bbox 244 1771 286 1829; x_wconf 87' lang='lat' dir='ltr'><strong>Et</strong></span> <span class='ocrx_word' id='word_1_99' title='bbox 299 1771 371 1831; x_wconf 91' lang='lat' dir='ltr'><strong>inde</strong></span> <span class='ocrx_word' id='word_1_100' title='bbox 382 1772 446 1850; x_wconf 89' lang='lat' dir='ltr'><strong>jam</strong></span> <span class='ocrx_word' id='word_1_101' title='bbox 464 1772 540 1831; x_wconf 86' lang='lat' dir='ltr'><strong>hors</strong></span> <span class='ocrx_word' id='word_1_102' title='bbox 560 1775 658 1832; x_wconf 88' lang='lat' dir='ltr'><strong>noctis</strong></span> <span class='ocrx_word' id='word_1_103' title='bbox 679 1773 809 1832; x_wconf 82' lang='lat' dir='ltr'><strong>forsitan</strong></span> <span class='ocrx_word' id='word_1_104' title='bbox 829 1780 916 1831; x_wconf 86' lang='lat' dir='ltr'><strong>sexta</strong></span> <span class='ocrx_word' id='word_1_105' title='bbox 937 1774 1001 1832; x_wconf 88' lang='lat' dir='ltr'><strong>itur</strong></span> <span class='ocrx_word' id='word_1_106' title='bbox 1021 1793 1099 1833; x_wconf 87' lang='lat' dir='ltr'><strong>susu</strong></span> <span class='ocrx_word' id='word_1_107' title='bbox 1112 1774 1149 1832; x_wconf 93' lang='lat' dir='ltr'><strong>in</strong></span> <span class='ocrx_word' id='word_1_108' title='bbox 1164 1774 1260 1832; x_wconf 77' lang='lat' dir='ltr'><strong>Imbo</strong></span> 
     </span>
     <span class='ocr_line' id='line_1_12' title="bbox 144 1866 1260 1943; baseline 0.002 -21"><span class='ocrx_word' id='word_1_109' title='bbox 144 1884 215 1923; x_wconf 93' lang='lat' dir='ltr'><strong>mon</strong></span> <span class='ocrx_word' id='word_1_110' title='bbox 229 1884 297 1923; x_wconf 88' lang='lat' dir='ltr'><strong>cum</strong></span> <span class='ocrx_word' id='word_1_111' title='bbox 310 1867 410 1943; x_wconf 85' lang='lat' dir='ltr'><strong>ymnis</strong></span> <span class='ocrx_word' id='word_1_112' title='bbox 424 1866 458 1925; x_wconf 91' lang='lat' dir='ltr'><strong>in</strong></span> <span class='ocrx_word' id='word_1_113' title='bbox 471 1886 507 1925; x_wconf 94' lang='lat' dir='ltr'><strong>eo</strong></span> <span class='ocrx_word' id='word_1_114' title='bbox 520 1867 585 1925; x_wconf 91' lang='lat' dir='ltr'><strong>loco</strong></span> <span class='ocrx_word' id='word_1_115' title='bbox 598 1867 681 1927; x_wconf 85' lang='lat' dir='ltr'><strong>unde</strong></span> <span class='ocrx_word' id='word_1_116' title='bbox 701 1867 839 1926; x_wconf 88' lang='lat' dir='ltr'><strong>ascendit</strong></span> <span class='ocrx_word' id='word_1_117' title='bbox 860 1867 1009 1925; x_wconf 87' lang='lat' dir='ltr'><strong>Dominus</strong></span> <span class='ocrx_word' id='word_1_118' title='bbox 1022 1866 1058 1924; x_wconf 92' lang='lat' dir='ltr'><strong>in</strong></span> <span class='ocrx_word' id='word_1_119' title='bbox 1072 1868 1179 1926; x_wconf 84' lang='lat' dir='ltr'><strong>caelis.</strong></span> <span class='ocrx_word' id='word_1_120' title='bbox 1222 1867 1260 1925; x_wconf 83' lang='lat' dir='ltr'><strong>Et</strong></span> 
     </span>
     <span class='ocr_line' id='line_1_13' title="bbox 145 1958 1261 2039; baseline 0 -21"><span class='ocrx_word' id='word_1_121' title='bbox 145 1960 189 2018; x_wconf 91' lang='lat' dir='ltr'><strong>ibi</strong></span> <span class='ocrx_word' id='word_1_122' title='bbox 209 1958 309 2018; x_wconf 89' lang='lat' dir='ltr'><strong>denuo</strong></span> <span class='ocrx_word' id='word_1_123' title='bbox 331 1960 470 2018; x_wconf 85' lang='lat' dir='ltr'><strong>similiter</strong></span> <span class='ocrx_word' id='word_1_124' title='bbox 493 1961 637 2019; x_wconf 90' lang='lat' dir='ltr'><strong>lectiones</strong></span> <span class='ocrx_word' id='word_1_125' title='bbox 657 1966 690 2018; x_wconf 91' lang='lat' dir='ltr'><strong>et</strong></span> <span class='ocrx_word' id='word_1_126' title='bbox 710 1961 796 2037; x_wconf 87' lang='lat' dir='ltr'><strong>ymni</strong></span> <span class='ocrx_word' id='word_1_127' title='bbox 817 1965 849 2019; x_wconf 92' lang='lat' dir='ltr'><strong>et</strong></span> <span class='ocrx_word' id='word_1_128' title='bbox 872 1958 1060 2037; x_wconf 68' lang='lat' dir='ltr'><strong>antiphonae</strong></span> <span class='ocrx_word' id='word_1_129' title='bbox 1084 1966 1182 2039; x_wconf 80' lang='lat' dir='ltr'><strong>aptse</strong></span> <span class='ocrx_word' id='word_1_130' title='bbox 1204 1959 1261 2018; x_wconf 90' lang='lat' dir='ltr'><strong>diei</strong></span> 
     </span>
     <span class='ocr_line' id='line_1_14' title="bbox 145 2053 1263 2133; baseline 0.002 -22"><span class='ocrx_word' id='word_1_131' title='bbox 145 2053 310 2125; x_wconf 61' lang='lat' dir='ltr'><strong>dicuntum</strong></span> <span class='ocrx_word' id='word_1_132' title='bbox 340 2054 493 2112; x_wconf 89' lang='lat' dir='ltr'><strong>orationes</strong></span> <span class='ocrx_word' id='word_1_133' title='bbox 513 2054 607 2113; x_wconf 85' lang='lat' dir='ltr'><strong>etism</strong></span> <span class='ocrx_word' id='word_1_134' title='bbox 629 2055 713 2131; x_wconf 83' lang='lat' dir='ltr'><strong>ipsse</strong></span> <span class='ocrx_word' id='word_1_135' title='bbox 734 2072 940 2132; x_wconf 77' lang='lat' dir='ltr'><strong>quaecumque</strong></span> <span class='ocrx_word' id='word_1_136' title='bbox 964 2054 1055 2126; x_wconf 87' lang='lat' dir='ltr'><strong>fiunt,</strong></span> <span class='ocrx_word' id='word_1_137' title='bbox 1080 2075 1162 2133; x_wconf 88' lang='lat' dir='ltr'><strong>quas</strong></span> <span class='ocrx_word' id='word_1_138' title='bbox 1185 2055 1263 2115; x_wconf 85' lang='lat' dir='ltr'><strong>dicet</strong></span> 
     </span>
     <span class='ocr_line' id='line_1_15' title="bbox 145 2147 897 2227; baseline 0.001 -21"><span class='ocrx_word' id='word_1_139' title='bbox 145 2149 309 2226; x_wconf 88' lang='lat' dir='ltr'><strong>episcopus,</strong></span> <span class='ocrx_word' id='word_1_140' title='bbox 325 2166 445 2227; x_wconf 86' lang='lat' dir='ltr'><strong>semper</strong></span> <span class='ocrx_word' id='word_1_141' title='bbox 458 2155 491 2207; x_wconf 87' lang='lat' dir='ltr'><strong>et</strong></span> <span class='ocrx_word' id='word_1_142' title='bbox 505 2147 565 2207; x_wconf 92' lang='lat' dir='ltr'><strong>diei</strong></span> <span class='ocrx_word' id='word_1_143' title='bbox 579 2154 612 2206; x_wconf 90' lang='lat' dir='ltr'><strong>et</strong></span> <span class='ocrx_word' id='word_1_144' title='bbox 626 2148 690 2208; x_wconf 91' lang='lat' dir='ltr'><strong>loco</strong></span> <span class='ocrx_word' id='word_1_145' title='bbox 704 2155 793 2226; x_wconf 86' lang='lat' dir='ltr'><strong>eptas</strong></span> <span class='ocrx_word' id='word_1_146' title='bbox 808 2148 897 2207; x_wconf 89' lang='lat' dir='ltr'><strong>dicet.</strong></span> 
     </span>
    </p>
   </div>
   <div class='ocr_carea' id='block_1_4' title="bbox 471 2513 937 2595">
    <p class='ocr_par' dir='ltr' id='par_1_4' title="bbox 471 2513 937 2595">
     <span class='ocr_line' id='line_1_16' title="bbox 471 2513 937 2595; baseline 0.002 -20"><span class='ocrx_word' id='word_1_147' title='bbox 471 2517 510 2595; x_wconf 85' lang='lat' dir='ltr'><strong>(c)</strong></span> <span class='ocrx_word' id='word_1_148' title='bbox 531 2514 660 2577; x_wconf 78' lang='lat' dir='ltr'><strong>Stotions</strong></span> <span class='ocrx_word' id='word_1_149' title='bbox 681 2522 714 2574; x_wconf 85' lang='lat' dir='ltr'><strong>ot</strong></span> <span class='ocrx_word' id='word_1_150' title='bbox 736 2513 937 2576; x_wconf 75' lang='lat' dir='ltr'><strong>(lettsemaoe.</strong></span> 
     </span>
    </p>
   </div>
   <div class='ocr_carea' id='block_1_5' title="bbox 143 2706 1265 4105">
    <p class='ocr_par' dir='ltr' id='par_1_5' title="bbox 143 2706 1264 3522">
     <span class='ocr_line' id='line_1_17' title="bbox 209 2706 1263 2790; baseline -0.005 -15"><span class='ocrx_word' id='word_1_151' title='bbox 209 2718 254 2778; x_wconf 81' lang='lat' dir='ltr'><strong>Ac</strong></span> <span class='ocrx_word' id='word_1_152' title='bbox 275 2715 318 2773; x_wconf 91' lang='lat' dir='ltr'><strong>sic</strong></span> <span class='ocrx_word' id='word_1_153' title='bbox 338 2731 410 2790; x_wconf 85' lang='lat' dir='ltr'><strong>ergo</strong></span> <span class='ocrx_word' id='word_1_154' title='bbox 430 2731 499 2771; x_wconf 89' lang='lat' dir='ltr'><strong>cum</strong></span> <span class='ocrx_word' id='word_1_155' title='bbox 520 2712 634 2788; x_wconf 85' lang='lat' dir='ltr'><strong>ceperit</strong></span> <span class='ocrx_word' id='word_1_156' title='bbox 657 2729 723 2769; x_wconf 89' lang='lat' dir='ltr'><strong>esse</strong></span> <span class='ocrx_word' id='word_1_157' title='bbox 746 2709 899 2788; x_wconf 87' lang='lat' dir='ltr'><strong>pullorum</strong></span> <span class='ocrx_word' id='word_1_158' title='bbox 923 2715 1041 2781; x_wconf 83' lang='lat' dir='ltr'><strong>centus,</strong></span> <span class='ocrx_word' id='word_1_159' title='bbox 1065 2706 1263 2770; x_wconf 83' lang='lat' dir='ltr'><strong>descenditur</strong></span> 
     </span>
     <span class='ocr_line' id='line_1_18' title="bbox 147 2802 1263 2882; baseline -0.004 -15"><span class='ocrx_word' id='word_1_160' title='bbox 147 2809 187 2867; x_wconf 92' lang='lat' dir='ltr'><strong>de</strong></span> <span class='ocrx_word' id='word_1_161' title='bbox 219 2808 377 2866; x_wconf 89' lang='lat' dir='ltr'><strong>lmbomon</strong></span> <span class='ocrx_word' id='word_1_162' title='bbox 407 2824 475 2864; x_wconf 88' lang='lat' dir='ltr'><strong>cum</strong></span> <span class='ocrx_word' id='word_1_163' title='bbox 502 2806 602 2882; x_wconf 88' lang='lat' dir='ltr'><strong>ymnis</strong></span> <span class='ocrx_word' id='word_1_164' title='bbox 633 2811 666 2863; x_wconf 90' lang='lat' dir='ltr'><strong>et</strong></span> <span class='ocrx_word' id='word_1_165' title='bbox 695 2802 814 2863; x_wconf 83' lang='lat' dir='ltr'><strong>secedit</strong></span> <span class='ocrx_word' id='word_1_166' title='bbox 844 2802 948 2864; x_wconf 89' lang='lat' dir='ltr'><strong>eodem</strong></span> <span class='ocrx_word' id='word_1_167' title='bbox 978 2802 1044 2862; x_wconf 92' lang='lat' dir='ltr'><strong>looo</strong></span> <span class='ocrx_word' id='word_1_168' title='bbox 1076 2804 1132 2863; x_wconf 87' lang='lat' dir='ltr'><strong>ubi</strong></span> <span class='ocrx_word' id='word_1_169' title='bbox 1165 2806 1263 2864; x_wconf 81' lang='lat' dir='ltr'><strong>crevit</strong></span> 
     </span>
     <span class='ocr_line' id='line_1_19' title="bbox 150 2898 1263 2978; baseline -0.004 -15"><span class='ocrx_word' id='word_1_170' title='bbox 150 2904 309 2972; x_wconf 84' lang='lat' dir='ltr'><strong>Dominus,</strong></span> <span class='ocrx_word' id='word_1_171' title='bbox 331 2902 411 2959; x_wconf 88' lang='lat' dir='ltr'><strong>sicut</strong></span> <span class='ocrx_word' id='word_1_172' title='bbox 432 2900 580 2977; x_wconf 91' lang='lat' dir='ltr'><strong>scriptum</strong></span> <span class='ocrx_word' id='word_1_173' title='bbox 602 2906 650 2959; x_wconf 88' lang='lat' dir='ltr'><strong>est</strong></span> <span class='ocrx_word' id='word_1_174' title='bbox 671 2901 705 2957; x_wconf 93' lang='lat' dir='ltr'><strong>in</strong></span> <span class='ocrx_word' id='word_1_175' title='bbox 725 2899 900 2976; x_wconf 85' lang='lat' dir='ltr'><strong>evangelio:</strong></span> <span class='ocrx_word' id='word_1_176' title='bbox 920 2898 961 2957; x_wconf 79' lang='lat' dir='ltr'><strong>Et</strong></span> <span class='ocrx_word' id='word_1_177' title='bbox 983 2898 1103 2957; x_wconf 59' lang='lat' dir='ltr'><strong>noceant</strong></span> <span class='ocrx_word' id='word_1_178' title='bbox 1125 2908 1263 2978; x_wconf 68' lang='lat' dir='ltr'><strong>queem</strong></span> 
     </span>
     <span class='ocr_line' id='line_1_20' title="bbox 143 2992 1263 3076; baseline -0.003 -20"><span class='ocrx_word' id='word_1_179' title='bbox 143 3001 255 3076; x_wconf 76' lang='lat' dir='ltr'><strong>jactem</strong></span> <span class='ocrx_word' id='word_1_180' title='bbox 276 2993 392 3074; x_wconf 62' lang='lat' dir='ltr'><strong>lapido,</strong></span> <span class='ocrx_word' id='word_1_181' title='bbox 409 3000 437 3052; x_wconf 83' lang='lat' dir='ltr'><strong>ct</strong></span> <span class='ocrx_word' id='word_1_182' title='bbox 457 2992 558 3060; x_wconf 80' lang='lat' dir='ltr'><strong>oravit,</strong></span> <span class='ocrx_word' id='word_1_183' title='bbox 573 3001 606 3051; x_wconf 89' lang='lat' dir='ltr'><strong>et</strong></span> <span class='ocrx_word' id='word_1_184' title='bbox 619 3000 731 3052; x_wconf 90' lang='lat' dir='ltr'><strong>cetera.</strong></span> <span class='ocrx_word' id='word_1_185' title='bbox 774 2992 815 3052; x_wconf 89' lang='lat' dir='ltr'><strong>In</strong></span> <span class='ocrx_word' id='word_1_186' title='bbox 829 3012 864 3053; x_wconf 91' lang='lat' dir='ltr'><strong>eo</strong></span> <span class='ocrx_word' id='word_1_187' title='bbox 878 2993 959 3052; x_wconf 89' lang='lat' dir='ltr'><strong>enim</strong></span> <span class='ocrx_word' id='word_1_188' title='bbox 980 2993 1044 3051; x_wconf 92' lang='lat' dir='ltr'><strong>loco</strong></span> <span class='ocrx_word' id='word_1_189' title='bbox 1065 2992 1198 3052; x_wconf 84' lang='lat' dir='ltr'><strong>ecclesia</strong></span> <span class='ocrx_word' id='word_1_190' title='bbox 1217 3002 1263 3053; x_wconf 87' lang='lat' dir='ltr'><strong>eet</strong></span> 
     </span>
     <span class='ocr_line' id='line_1_21' title="bbox 149 3086 1264 3168; baseline -0.004 -18"><span class='ocrx_word' id='word_1_191' title='bbox 149 3093 279 3168; x_wconf 79' lang='lat' dir='ltr'><strong>elegans.</strong></span> <span class='ocrx_word' id='word_1_192' title='bbox 322 3087 502 3165; x_wconf 85' lang='lat' dir='ltr'><strong>Ingreditur</strong></span> <span class='ocrx_word' id='word_1_193' title='bbox 523 3088 567 3146; x_wconf 91' lang='lat' dir='ltr'><strong>ibi</strong></span> <span class='ocrx_word' id='word_1_194' title='bbox 587 3088 742 3164; x_wconf 84' lang='lat' dir='ltr'><strong>episcopus</strong></span> <span class='ocrx_word' id='word_1_195' title='bbox 757 3094 789 3146; x_wconf 90' lang='lat' dir='ltr'><strong>et</strong></span> <span class='ocrx_word' id='word_1_196' title='bbox 802 3088 899 3146; x_wconf 88' lang='lat' dir='ltr'><strong>omnis</strong></span> <span class='ocrx_word' id='word_1_197' title='bbox 920 3087 1069 3164; x_wconf 87' lang='lat' dir='ltr'><strong>populus;</strong></span> <span class='ocrx_word' id='word_1_198' title='bbox 1090 3086 1208 3147; x_wconf 88' lang='lat' dir='ltr'><strong>dicitur</strong></span> <span class='ocrx_word' id='word_1_199' title='bbox 1221 3088 1264 3146; x_wconf 90' lang='lat' dir='ltr'><strong>ibi</strong></span> 
     </span>
     <span class='ocr_line' id='line_1_22' title="bbox 149 3182 1263 3261; baseline -0.002 -17"><span class='ocrx_word' id='word_1_200' title='bbox 149 3187 247 3244; x_wconf 83' lang='lat' dir='ltr'><strong>oratio</strong></span> <span class='ocrx_word' id='word_1_201' title='bbox 270 3190 343 3261; x_wconf 88' lang='lat' dir='ltr'><strong>apta</strong></span> <span class='ocrx_word' id='word_1_202' title='bbox 367 3185 431 3243; x_wconf 89' lang='lat' dir='ltr'><strong>loco</strong></span> <span class='ocrx_word' id='word_1_203' title='bbox 453 3188 485 3241; x_wconf 88' lang='lat' dir='ltr'><strong>et</strong></span> <span class='ocrx_word' id='word_1_204' title='bbox 510 3182 589 3254; x_wconf 89' lang='lat' dir='ltr'><strong>diei;</strong></span> <span class='ocrx_word' id='word_1_205' title='bbox 618 3182 731 3241; x_wconf 90' lang='lat' dir='ltr'><strong>dicitur</strong></span> <span class='ocrx_word' id='word_1_206' title='bbox 753 3183 846 3241; x_wconf 81' lang='lat' dir='ltr'><strong>etism</strong></span> <span class='ocrx_word' id='word_1_207' title='bbox 869 3201 949 3240; x_wconf 90' lang='lat' dir='ltr'><strong>unus</strong></span> <span class='ocrx_word' id='word_1_208' title='bbox 969 3200 1081 3258; x_wconf 87' lang='lat' dir='ltr'><strong>ymnus</strong></span> <span class='ocrx_word' id='word_1_209' title='bbox 1104 3189 1208 3258; x_wconf 87' lang='lat' dir='ltr'><strong>aptus,</strong></span> <span class='ocrx_word' id='word_1_210' title='bbox 1232 3192 1263 3242; x_wconf 88' lang='lat' dir='ltr'><strong>et</strong></span> 
     </span>
     <span class='ocr_line' id='line_1_23' title="bbox 150 3274 1261 3355; baseline -0.003 -18"><span class='ocrx_word' id='word_1_211' title='bbox 150 3280 262 3355; x_wconf 85' lang='lat' dir='ltr'><strong>legitur</strong></span> <span class='ocrx_word' id='word_1_212' title='bbox 276 3279 339 3352; x_wconf 87' lang='lat' dir='ltr'><strong>ipse</strong></span> <span class='ocrx_word' id='word_1_213' title='bbox 354 3274 436 3334; x_wconf 87' lang='lat' dir='ltr'><strong>loeus</strong></span> <span class='ocrx_word' id='word_1_214' title='bbox 450 3274 488 3333; x_wconf 94' lang='lat' dir='ltr'><strong>de</strong></span> <span class='ocrx_word' id='word_1_215' title='bbox 503 3275 667 3350; x_wconf 87' lang='lat' dir='ltr'><strong>evangelio,</strong></span> <span class='ocrx_word' id='word_1_216' title='bbox 683 3276 738 3334; x_wconf 90' lang='lat' dir='ltr'><strong>ubi</strong></span> <span class='ocrx_word' id='word_1_217' title='bbox 754 3275 835 3333; x_wconf 78' lang='lat' dir='ltr'><strong>dixit</strong></span> <span class='ocrx_word' id='word_1_218' title='bbox 849 3274 1004 3351; x_wconf 86' lang='lat' dir='ltr'><strong>discipulis</strong></span> <span class='ocrx_word' id='word_1_219' title='bbox 1018 3275 1098 3332; x_wconf 88' lang='lat' dir='ltr'><strong>suis:</strong></span> <span class='ocrx_word' id='word_1_220' title='bbox 1128 3275 1261 3351; x_wconf 73' lang='lat' dir='ltr'><strong>Vigilate,</strong></span> 
     </span>
     <span class='ocr_line' id='line_1_24' title="bbox 151 3367 1264 3446; baseline -0.003 -16"><span class='ocrx_word' id='word_1_221' title='bbox 151 3393 185 3431; x_wconf 79' lang='lat' dir='ltr'><strong>nc</strong></span> <span class='ocrx_word' id='word_1_222' title='bbox 199 3370 312 3430; x_wconf 79' lang='lat' dir='ltr'><strong>intretis</strong></span> <span class='ocrx_word' id='word_1_223' title='bbox 333 3369 364 3427; x_wconf 80' lang='lat' dir='ltr'><strong>in</strong></span> <span class='ocrx_word' id='word_1_224' title='bbox 382 3367 599 3446; x_wconf 75' lang='lat' dir='ltr'><strong>temptationem.</strong></span> <span class='ocrx_word' id='word_1_225' title='bbox 644 3369 686 3425; x_wconf 84' lang='lat' dir='ltr'><strong>Et</strong></span> <span class='ocrx_word' id='word_1_226' title='bbox 707 3369 804 3425; x_wconf 86' lang='lat' dir='ltr'><strong>omnis</strong></span> <span class='ocrx_word' id='word_1_227' title='bbox 825 3368 888 3444; x_wconf 90' lang='lat' dir='ltr'><strong>ipse</strong></span> <span class='ocrx_word' id='word_1_228' title='bbox 907 3367 989 3426; x_wconf 87' lang='lat' dir='ltr'><strong>locus</strong></span> <span class='ocrx_word' id='word_1_229' title='bbox 1009 3367 1184 3444; x_wconf 79' lang='lat' dir='ltr'><strong>perlegitur</strong></span> <span class='ocrx_word' id='word_1_230' title='bbox 1204 3369 1264 3441; x_wconf 92' lang='lat' dir='ltr'><strong>ibi;</strong></span> 
     </span>
     <span class='ocr_line' id='line_1_25' title="bbox 150 3460 467 3522; baseline -0.013 0"><span class='ocrx_word' id='word_1_231' title='bbox 150 3472 182 3522; x_wconf 90' lang='lat' dir='ltr'><strong>et</strong></span> <span class='ocrx_word' id='word_1_232' title='bbox 196 3464 232 3520; x_wconf 90' lang='lat' dir='ltr'><strong>fit</strong></span> <span class='ocrx_word' id='word_1_233' title='bbox 246 3460 346 3518; x_wconf 87' lang='lat' dir='ltr'><strong>denuo</strong></span> <span class='ocrx_word' id='word_1_234' title='bbox 360 3461 467 3518; x_wconf 84' lang='lat' dir='ltr'><strong>oratio.</strong></span> 
     </span>
    </p>

    <p class='ocr_par' dir='ltr' id='par_1_6' title="bbox 150 3544 1265 4105">
     <span class='ocr_line' id='line_1_26' title="bbox 213 3544 1265 3630; baseline 0 -17"><span class='ocrx_word' id='word_1_235' title='bbox 213 3556 316 3613; x_wconf 80' lang='lat' dir='ltr'><strong>Etiam</strong></span> <span class='ocrx_word' id='word_1_236' title='bbox 329 3552 401 3611; x_wconf 90' lang='lat' dir='ltr'><strong>inde</strong></span> <span class='ocrx_word' id='word_1_237' title='bbox 421 3544 489 3611; x_wconf 81' lang='lat' dir='ltr'><strong>oum</strong></span> <span class='ocrx_word' id='word_1_238' title='bbox 509 3554 609 3630; x_wconf 86' lang='lat' dir='ltr'><strong>ymnis</strong></span> <span class='ocrx_word' id='word_1_239' title='bbox 630 3572 724 3629; x_wconf 87' lang='lat' dir='ltr'><strong>usque</strong></span> <span class='ocrx_word' id='word_1_240' title='bbox 745 3553 784 3611; x_wconf 85' lang='lat' dir='ltr'><strong>ed</strong></span> <span class='ocrx_word' id='word_1_241' title='bbox 805 3553 963 3611; x_wconf 90' lang='lat' dir='ltr'><strong>minimum</strong></span> <span class='ocrx_word' id='word_1_242' title='bbox 984 3551 1087 3610; x_wconf 81' lang='lat' dir='ltr'><strong>infans</strong></span> <span class='ocrx_word' id='word_1_243' title='bbox 1108 3553 1143 3611; x_wconf 88' lang='lat' dir='ltr'><strong>in</strong></span> <span class='ocrx_word' id='word_1_244' title='bbox 1159 3555 1265 3613; x_wconf 85' lang='lat' dir='ltr'><strong>Gessa-</strong></span> 
     </span>
     <span class='ocr_line' id='line_1_27' title="bbox 151 3645 1264 3727; baseline -0.005 -17"><span class='ocrx_word' id='word_1_245' title='bbox 151 3652 234 3710; x_wconf 89' lang='lat' dir='ltr'><strong>mani</strong></span> <span class='ocrx_word' id='word_1_246' title='bbox 256 3648 384 3727; x_wconf 88' lang='lat' dir='ltr'><strong>pedibus</strong></span> <span class='ocrx_word' id='word_1_247' title='bbox 408 3667 476 3706; x_wconf 88' lang='lat' dir='ltr'><strong>cum</strong></span> <span class='ocrx_word' id='word_1_248' title='bbox 501 3648 639 3724; x_wconf 89' lang='lat' dir='ltr'><strong>episcopo</strong></span> <span class='ocrx_word' id='word_1_249' title='bbox 663 3645 847 3705; x_wconf 84' lang='lat' dir='ltr'><strong>descendent</strong></span> <span class='ocrx_word' id='word_1_250' title='bbox 859 3667 868 3720; x_wconf 76' lang='lat'><em>3</em></span> <span class='ocrx_word' id='word_1_251' title='bbox 892 3647 944 3704; x_wconf 93' lang='lat' dir='ltr'><strong>ubi</strong></span> <span class='ocrx_word' id='word_1_252' title='bbox 967 3665 1039 3722; x_wconf 87' lang='lat' dir='ltr'><strong>pree</strong></span> <span class='ocrx_word' id='word_1_253' title='bbox 1063 3653 1128 3704; x_wconf 91' lang='lat' dir='ltr'><strong>tam</strong></span> <span class='ocrx_word' id='word_1_254' title='bbox 1154 3668 1264 3726; x_wconf 79' lang='lat' dir='ltr'><strong>magna</strong></span> 
     </span>
     <span class='ocr_line' id='line_1_28' title="bbox 150 3739 1264 3818; baseline -0.003 -14"><span class='ocrx_word' id='word_1_255' title='bbox 150 3745 244 3804; x_wconf 87' lang='lat' dir='ltr'><strong>turba</strong></span> <span class='ocrx_word' id='word_1_256' title='bbox 265 3741 484 3814; x_wconf 81' lang='lat' dir='ltr'><strong>multitudinis,</strong></span> <span class='ocrx_word' id='word_1_257' title='bbox 506 3747 537 3800; x_wconf 90' lang='lat' dir='ltr'><strong>et</strong></span> <span class='ocrx_word' id='word_1_258' title='bbox 558 3741 682 3818; x_wconf 81' lang='lat' dir='ltr'><strong>fatigati</strong></span> <span class='ocrx_word' id='word_1_259' title='bbox 705 3741 743 3799; x_wconf 77' lang='lat' dir='ltr'><strong>(le</strong></span> <span class='ocrx_word' id='word_1_260' title='bbox 766 3741 876 3818; x_wconf 81' lang='lat' dir='ltr'><strong>vigiliis</strong></span> <span class='ocrx_word' id='word_1_261' title='bbox 898 3747 931 3798; x_wconf 89' lang='lat' dir='ltr'><strong>et</strong></span> <span class='ocrx_word' id='word_1_262' title='bbox 950 3739 1075 3818; x_wconf 88' lang='lat' dir='ltr'><strong>jejuniis</strong></span> <span class='ocrx_word' id='word_1_263' title='bbox 1099 3741 1264 3801; x_wconf 77' lang='lat' dir='ltr'><strong>cotidianis</strong></span> 
     </span>
     <span class='ocr_line' id='line_1_29' title="bbox 150 3833 1264 3916; baseline 0 -18"><span class='ocrx_word' id='word_1_264' title='bbox 150 3842 231 3912; x_wconf 79' lang='lat' dir='ltr'><strong>lassi,</strong></span> <span class='ocrx_word' id='word_1_265' title='bbox 241 3840 312 3916; x_wconf 84' lang='lat' dir='ltr'><strong>quia</strong></span> <span class='ocrx_word' id='word_1_266' title='bbox 326 3845 390 3896; x_wconf 79' lang='lat' dir='ltr'><strong>tam</strong></span> <span class='ocrx_word' id='word_1_267' title='bbox 404 3856 548 3913; x_wconf 87' lang='lat' dir='ltr'><strong>magnum</strong></span> <span class='ocrx_word' id='word_1_268' title='bbox 563 3843 696 3895; x_wconf 88' lang='lat' dir='ltr'><strong>montem</strong></span> <span class='ocrx_word' id='word_1_269' title='bbox 710 3856 831 3894; x_wconf 89' lang='lat' dir='ltr'><strong>necesse</strong></span> <span class='ocrx_word' id='word_1_270' title='bbox 844 3835 960 3894; x_wconf 89' lang='lat' dir='ltr'><strong>hebent</strong></span> <span class='ocrx_word' id='word_1_271' title='bbox 972 3833 1166 3910; x_wconf 88' lang='lat' dir='ltr'><strong>descendere,</strong></span> <span class='ocrx_word' id='word_1_272' title='bbox 1183 3839 1264 3898; x_wconf 90' lang='lat' dir='ltr'><strong>lente</strong></span> 
     </span>
     <span class='ocr_line' id='line_1_30' title="bbox 150 3928 1264 4007; baseline -0.002 -14"><span class='ocrx_word' id='word_1_273' title='bbox 150 3942 182 3993; x_wconf 88' lang='lat' dir='ltr'><strong>et</strong></span> <span class='ocrx_word' id='word_1_274' title='bbox 210 3934 294 3991; x_wconf 90' lang='lat' dir='ltr'><strong>lente</strong></span> <span class='ocrx_word' id='word_1_275' title='bbox 321 3951 388 3989; x_wconf 93' lang='lat' dir='ltr'><strong>cum</strong></span> <span class='ocrx_word' id='word_1_276' title='bbox 416 3931 516 4007; x_wconf 87' lang='lat' dir='ltr'><strong>ymnis</strong></span> <span class='ocrx_word' id='word_1_277' title='bbox 544 3931 667 3988; x_wconf 85' lang='lat' dir='ltr'><strong>venitur</strong></span> <span class='ocrx_word' id='word_1_278' title='bbox 693 3930 726 3987; x_wconf 90' lang='lat' dir='ltr'><strong>in</strong></span> <span class='ocrx_word' id='word_1_279' title='bbox 747 3929 933 3987; x_wconf 83' lang='lat' dir='ltr'><strong>Gessemani.</strong></span> <span class='ocrx_word' id='word_1_280' title='bbox 977 3928 1134 3989; x_wconf 79' lang='lat' dir='ltr'><strong>Candelse</strong></span> <span class='ocrx_word' id='word_1_281' title='bbox 1162 3938 1264 3991; x_wconf 88' lang='lat' dir='ltr'><strong>autem</strong></span> 
     </span>
     <span class='ocr_line' id='line_1_31' title="bbox 150 4021 1265 4105; baseline -0.001 -18"><span class='ocrx_word' id='word_1_282' title='bbox 150 4028 371 4088; x_wconf 75' lang='lat' dir='ltr'><strong>ecclesiasticae</strong></span> <span class='ocrx_word' id='word_1_283' title='bbox 384 4043 474 4102; x_wconf 88' lang='lat' dir='ltr'><strong>super</strong></span> <span class='ocrx_word' id='word_1_284' title='bbox 489 4021 665 4105; x_wconf 83' lang='lat' dir='ltr'><strong>ducent[s]e</strong></span> <span class='ocrx_word' id='word_1_285' title='bbox 685 4030 811 4100; x_wconf 83' lang='lat' dir='ltr'><strong>paretes</strong></span> <span class='ocrx_word' id='word_1_286' title='bbox 824 4029 897 4082; x_wconf 85' lang='lat' dir='ltr'><strong>sunt</strong></span> <span class='ocrx_word' id='word_1_287' title='bbox 911 4030 1036 4100; x_wconf 88' lang='lat' dir='ltr'><strong>propter</strong></span> <span class='ocrx_word' id='word_1_288' title='bbox 1056 4023 1164 4084; x_wconf 88' lang='lat' dir='ltr'><strong>lumen</strong></span> <span class='ocrx_word' id='word_1_289' title='bbox 1183 4027 1265 4086; x_wconf 91' lang='lat' dir='ltr'><strong>omni</strong></span> 
     </span>
    </p>
   </div>
   <div class='ocr_carea' id='block_1_6' title="bbox 151 4118 1264 4204">
    <p class='ocr_par' dir='ltr' id='par_1_7' title="bbox 151 4118 1264 4204">
     <span class='ocr_line' id='line_1_32' title="bbox 151 4118 1264 4204; baseline -0.002 -21"><span class='ocrx_word' id='word_1_290' title='bbox 151 4122 269 4204; x_wconf 91' lang='lat' dir='ltr'><strong>populo.</strong></span> <span class='ocrx_word' id='word_1_291' title='bbox 313 4118 389 4178; x_wconf 83' lang='lat' dir='ltr'><strong>(lum</strong></span> <span class='ocrx_word' id='word_1_292' title='bbox 412 4138 484 4196; x_wconf 88' lang='lat' dir='ltr'><strong>ergo</strong></span> <span class='ocrx_word' id='word_1_293' title='bbox 505 4125 685 4195; x_wconf 85' lang='lat' dir='ltr'><strong>perventum</strong></span> <span class='ocrx_word' id='word_1_294' title='bbox 708 4118 857 4177; x_wconf 80' lang='lat' dir='ltr'><strong>fueritin</strong></span> <span class='ocrx_word' id='word_1_295' title='bbox 872 4118 1059 4190; x_wconf 80' lang='lat' dir='ltr'><strong>Gessemeni,</strong></span> <span class='ocrx_word' id='word_1_296' title='bbox 1074 4119 1110 4177; x_wconf 84' lang='lat' dir='ltr'><strong>fit</strong></span> <span class='ocrx_word' id='word_1_297' title='bbox 1132 4121 1264 4198; x_wconf 89' lang='lat' dir='ltr'><strong>primum</strong></span> 
     </span>
    </p>
   </div>
   <div class='ocr_carea' id='block_1_7' title="bbox 0 0 1418 4822">
    <p class='ocr_par' dir='ltr' id='par_1_8' title="bbox 0 0 1418 4822">
     <span class='ocr_line' id='line_1_33' title="bbox 0 0 1418 4822; baseline 0 0"><span class='ocrx_word' id='word_1_298' title='bbox 0 0 1418 4822; x_wconf 95' lang='lat' dir='ltr'><strong> </strong></span> 
     </span>
    </p>
   </div>
  </div>
 </body>
</html>
