2814 4816
606 398 781 448 sernumx.
1188 386 1253 448 519

143 551 310 623 presbiter;
346 554 402 614 hoc
429 563 477 615 est
498 563 573 616 ante
592 557 661 615 illas
688 563 757 616 octo
779 559 964 635 septimanas
984 559 1094 635 quibus
1116 557 1182 616 dixi
1202 555 1251 614 hic

142 646 264 705 attendi
298 646 545 726 Quadragesima.
609 649 687 709 Cum
736 657 838 709 autem
887 653 1084 710 annotaverit
1118 653 1253 710 omnium

144 742 266 799 nomina
293 745 462 821 presbyter,
489 745 683 823 postmodum
709 746 771 803 alia
801 745 852 805 die
879 745 917 804 de
945 746 1197 822 Quadragesimis,
1220 743 1253 803 id

144 841 192 892 est
212 855 273 913 qua
293 839 478 899 inchoantur
497 847 567 901 octo
587 840 781 910 ebdomadae,
805 841 930 917 ponitur
948 841 1086 917 episcopo
1106 838 1253 898 cathedra

145 930 244 988 media
264 933 389 992 ecclesia
409 935 530 1013 majore,
556 934 659 994 idest
690 934 729 992 ad
752 934 938 1011 Martyrium
949 955 959 1008 ;
985 935 1094 993 sedent
1123 932 1195 991 hinc
1222 938 1256 991 et

145 1021 216 1082 inde
243 1027 413 1104 presbyteri
442 1030 476 1087 in
503 1029 665 1101 cathedris,
693 1035 726 1087 et
750 1035 838 1088 stant
860 1029 963 1088 clerici
986 1047 1099 1088 omnes.
1142 1027 1185 1085 Et
1212 1027 1255 1084 aio

146 1116 341 1180 adducuntur
378 1143 458 1182 unus
493 1130 526 1183 et
563 1143 642 1183 unns
674 1130 846 1200 competens
858 1143 867 1196 3
904 1124 931 1181 si
968 1122 1028 1181 viri
1069 1127 1152 1193 sunt,
1186 1140 1256 1179 cum

147 1213 287 1286 patribus
311 1217 374 1274 suis
398 1217 528 1276 veniunt
540 1237 549 1292 3
579 1218 606 1276 si
629 1223 733 1276 autem
755 1217 893 1290 feminae,
919 1237 989 1276 cum
1009 1217 1160 1275 matribus
1184 1215 1256 1273 suis·

149 1303 191 1362 Et
204 1307 248 1364 sic
262 1308 458 1385 singulariter
471 1312 642 1387 interrogat
656 1312 813 1387 episcopus
827 1312 942 1369 vicinos
964 1309 1030 1387 ejus
1050 1311 1103 1388 qui
1116 1308 1258 1380 intravit,

148 1397 267 1460 dicens:
305 1404 368 1462 “Si
403 1405 501 1464 bonae
533 1406 616 1464 vitae
651 1411 699 1463 est
726 1403 782 1475 hic,
817 1405 844 1461 si
870 1405 1049 1481 parentibus
1076 1402 1203 1474 deferet,
1231 1400 1259 1460 si

147 1493 285 1553 ebriacus
299 1516 361 1555 non
379 1503 427 1556 est
445 1504 500 1556 ant
520 1497 644 1570 vanus,'‘
659 1505 691 1557 et
713 1498 834 1574 singula
853 1499 937 1570 vitia,
958 1517 1038 1575 quae
1059 1503 1132 1556 sunt
1154 1502 1259 1555 tamen

147 1589 288 1662 graviora
312 1591 345 1649 in
366 1590 496 1663 homine,
520 1593 658 1670 requiret
669 1611 678 1666 ;
698 1597 735 1651 ut
759 1592 785 1649 si
812 1592 989 1668 probaverit
1011 1593 1076 1651 sine
1097 1589 1259 1667 reprehen-

148 1681 231 1739 sione
266 1701 330 1742 esee
362 1683 400 1743 de
437 1684 484 1743 his
529 1685 670 1743 omnibus
700 1684 812 1761 quibus
849 1685 1011 1761 requisivit
1047 1683 1260 1761 praesentibus

149 1775 289 1848 testibus,
318 1783 449 1836 annotat
470 1778 535 1854 ipse
562 1797 655 1836 mann
682 1797 738 1835 aua
764 1796 874 1836 nomen
901 1778 990 1837 illius.
1034 1776 1068 1836 Si
1095 1784 1199 1837 autem
1226 1777 1261 1835 in

150 1868 252 1944 aliquo
279 1878 447 1943 accusatur,
474 1872 565 1950 jubet
592 1871 679 1930 illum
705 1870 787 1930 foras
808 1872 902 1943 exire,
931 1871 1052 1930 dicens:
1080 1870 1261 1930 “Emendat

150 1982 191 2034 se,
214 1970 246 2021 et
266 1985 334 2024 cum
355 1965 561 2024 emendaverit
581 1985 623 2038 se,
645 1972 719 2024 tunc
739 1966 863 2025 accedet
883 1965 922 2023 ad
936 1963 1117 2026 lavacrum.”
1159 1964 1209 2026 Sic
1223 1964 1261 2024 de

152 2057 231 2129 viris,
248 2058 291 2116 sic
306 2059 343 2117 do
356 2059 535 2118 mulieribus
548 2060 707 2137 requirens
721 2058 804 2118 dicit.
841 2059 874 2117 si
888 2060 955 2136 quis
969 2065 1072 2119 autem
1086 2059 1262 2137 peregrinus

151 2157 208 2223 eat,
233 2152 293 2209 nisi
314 2153 489 2212 testimonia
507 2153 652 2213 habuerit
673 2154 816 2232 quicum
838 2155 987 2227 noverint,
1004 2174 1066 2213 non
1086 2160 1151 2212 tum
1170 2154 1262 2215 facile

153 2245 275 2304 accedet
289 2246 329 2306 ad
344 2247 540 2324 baptismum.

349 2771 375 2830 2.
398 2768 593 2849 Properation
607 2769 663 2847 sor
682 2766 1072 2849 Baptism—Oatecbiriape.

217 2964 286 3024 Hoc
308 2971 421 3037 eutem,
446 2964 584 3024 dominae
608 2983 733 3036 sorores,
754 2984 793 3023 ne
817 2963 1034 3022 existimaretis
1056 2962 1264 3022 itineratione

156 3061 230 3132 fieri,
252 3059 383 3117 scribere
410 3056 512 3117 debui.
554 3056 751 3117 Consuetudo
774 3063 821 3116 est
848 3057 928 3115 enim
956 3054 1006 3113 hic
1032 3054 1115 3127 talis,
1144 3061 1182 3113 ut
1210 3055 1264 3132 qui

156 3154 304 3214 accedunt
330 3152 369 3211 ad
403 3152 588 3229 baptismum
622 3171 676 3230 per
711 3152 790 3230 ipsos
814 3150 878 3209 dies
912 3148 1119 3227 quadraginta
1153 3149 1264 3226 quibus

153 3248 320 3327 jejunatur,
345 3246 477 3323 primurn
498 3251 618 3304 mature
645 3266 665 3304 a
692 3245 808 3304 clericis
835 3244 1056 3314 exorcizentur,
1078 3261 1149 3302 mox
1172 3243 1265 3301 missa

155 3343 240 3400 facta
283 3340 377 3399 fuerit
414 3338 453 3398 de
491 3339 645 3398 Anastase
692 3339 854 3397 matutina.
909 3336 952 3394 Et
988 3336 1096 3394 statim
1139 3337 1265 3413 ponitur

157 3437 303 3498 cathedra
320 3436 458 3514 episcopo
484 3434 523 3494 ad
541 3435 728 3512 Martyrium
749 3436 784 3494 in
810 3435 935 3494 ecclesia
958 3434 1081 3510 maj0re‚
1100 3438 1133 3491 et
1156 3432 1265 3492 sedent

157 3551 259 3593 omnes
281 3532 313 3588 in
335 3530 401 3607 giro
428 3548 521 3607 prope
548 3530 687 3607 episcopo
708 3530 763 3607 qni
789 3527 983 3606 baptidiandi
1004 3533 1086 3599 sunt,
1115 3532 1181 3585 tam
1205 3527 1265 3585 viri

157 3645 248 3706 quam
276 3623 434 3696 mulieres3
466 3628 552 3681 stant
573 3623 639 3682 loco
658 3623 751 3681 etiam
775 3629 880 3700 patres
901 3621 950 3681 vel
971 3627 1094 3693 matres,
1125 3639 1180 3679 nec
1204 3639 1267 3680 non

155 3722 249 3779 etium
273 3718 327 3795 qui
358 3716 466 3776 volunt
494 3716 600 3776 andire
626 3714 664 3776 de
691 3716 779 3794 plebe
809 3734 913 3775 omnes
940 3716 1062 3773 intrant
1086 3718 1119 3772 et
1146 3712 1263 3788 sedent,

156 3813 209 3873 sed
237 3810 349 3872 fideles.
400 3809 639 3870 Cathecnminus
665 3816 769 3869 autem
804 3810 849 3868 ibi
875 3829 937 3869 non
963 3810 1064 3868 intrat
1100 3813 1176 3868 tnnc
1203 3826 1266 3884 qua

156 3908 311 3984 episeopus
333 3904 421 3964 docet
440 3904 509 3964 illos
532 3904 638 3982 legem.
680 3901 720 3963 Id
744 3906 792 3962 est
811 3902 855 3961 sio
875 3902 1020 3962 inchoans
1037 3923 1056 3961 a
1077 3901 1193 3961 Genese
1212 3920 1267 3979 per

156 4002 225 4061 illos
258 3999 323 4059 dies
352 3997 558 4077 quadraginta
599 4002 758 4075 percurret
791 4013 894 4055 omnes
924 3994 1105 4073 Scripturas,
1134 3995 1266 4071 primum

157 4112 311 4173 exponens
331 4093 505 4166 carnaliter,
520 4092 610 4151 etsie
630 4090 706 4151 illud
727 4090 847 4150 solvens
867 4076 1076 4168 spiritualiter.
1119 4088 1186 4149 Nee
1206 4110 1267 4152 non
