2814 4816
157 355 223 421 494
265 370 447 422 onuisniu
469 370 641 420 woeemp:
665 370 717 420 ue
739 370 856 420 omum
879 369 949 418 uun
969 367 1179 418 nvonunou.

155 531 262 603 oratio,
284 532 360 590 item
379 530 532 590 benedicit
548 530 660 592 fideles.
704 529 746 592 Et
762 530 901 608 posthoc
915 529 1020 590 denuo
1034 535 1103 588 tom
1119 529 1272 607 episcopeo

154 646 245 705 quom
276 627 374 686 omnio
403 627 497 686 turbo
524 625 618 685 vadet
644 625 745 685 denuo
771 631 841 703 poet
869 624 1010 696 Crucem,
1040 629 1076 683 et
1103 625 1154 683 ibi
1181 622 1276 682 denno

157 719 299 781 similitor
325 721 362 779 iit
388 721 480 780 eiouti
507 726 541 779 et
567 726 642 779 onte
669 717 806 781 Crucem.
848 717 891 776 Et
914 717 1061 777 similiter
1083 716 1129 776 ed
1158 735 1274 778 menum

156 815 287 894 epiceopi
321 816 476 876 eooeditnr
509 815 590 874 siout
616 812 656 872 ed
684 813 873 885 Anoetcdm,
893 813 941 872 ito
965 818 1001 871 et
1029 817 1110 871 onte
1138 810 1273 884 crucan,

155 909 203 967 ite
226 914 259 968 et
285 915 354 986 poet
376 908 513 971 Crucem.
555 907 709 969 Onndeloe
741 913 845 966 eutem
874 907 992 965 vitreee
1027 907 1180 984 ingente·
1212 905 1271 966 nbi-

158 1021 217 1080 que
243 1003 393 1080 plurimae
418 1003 564 1081 pendent,
591 1007 624 1061 et
650 999 799 1060 oereoielo
833 1000 962 1078 plun‘me
989 1009 1078 1073 eunt,
1109 1007 1182 1058 tem
1207 1006 1274 1059 uite

159 1096 347 1168 Amatam,
375 1116 466 1175 quom
493 1098 587 1156 etiem
615 1105 690 1155 onte
724 1095 861 1167 Crucem,
891 1094 944 1154 eed
970 1100 1006 1153 ot
1034 1099 1110 1173 post
1140 1093 1272 1156 crucan

155 1190 321 1249 Finiuntur
335 1209 407 1268 ergo
420 1190 494 1249 hoec
507 1190 609 1250 omnio
622 1209 690 1249 cum
705 1188 849 1249 tenebris.

218 1282 305 1342 Haeo
324 1284 462 1361 operatio
482 1282 594 1343 cotidie
611 1300 667 1361 per
684 1281 749 1341 dieo
766 1300 821 1341 nex
833 1281 881 1340 ite
892 1279 1028 1341 hebetur
1041 1279 1084 1341 nd
1099 1279 1234 1342 Crucem
1245 1288 1273 1339 ot

158 1377 197 1437 ed
211 1379 401 1439 Annetesim.

691 1772 738 1834 II.

564 1969 698 2030 Soneio
719 1969 859 2029 Omoue

641 2164 668 2229 1.
696 2162 785 2242 rou.

219 2335 358 2413 Septimo
390 2339 494 2395 autem
526 2333 585 2405 die,
616 2332 647 2393 id
675 2338 724 2393 eet
751 2331 901 2393 dominico
927 2331 986 2405 dic,
1013 2338 1093 2392 ente
1122 2336 1271 2413 pullorum

158 2437 282 2489 centum
304 2428 427 2506 colliget
448 2446 481 2487 ee
500 2427 597 2487 omnis
618 2426 795 2499 multitudo,
819 2426 1046 2504 quoecumque¹
1073 2446 1149 2488 esee
1177 2436 1273 2509 potest

158 2519 1272 2604 ineolocoooeiporPeecho,inboeilicoqueeeetlooojuxte

157 2617 347 2692 Anesteeim,
367 2615 449 2675 iores
469 2621 584 2687 temen,
605 2615 659 2674 ubi
678 2615 842 2675 luminario
861 2633 915 2693 per
935 2614 991 2674 hoo
1010 2615 1105 2693 ipsud
1124 2619 1271 2696 pendent

159 2711 242 2769 Dum
269 2711 350 2769 enim
377 2715 523 2769 verentur
549 2728 589 2768 ne
616 2708 655 2768 ed
681 2709 835 2788 pullorum
862 2716 986 2769 centum
1009 2728 1074 2769 non
1099 2720 1272 2786 occurrent,

158 2811 333 2864 antecessus
355 2804 486 2863 veniunt
507 2809 540 2862 et
561 2803 605 2861 ibi
627 2802 743 2862 cedent.
786 2802 829 2860 Et
851 2802 995 2862 dicuntur
1016 2804 1107 2880 ymni
1132 2826 1191 2866 neo
1214 2827 1271 2867 non

156 2907 189 2958 et
215 2899 411 2977 antiphonae,
439 2905 472 2957 et
499 2898 579 2957 fiunt
612 2898 767 2957 orationes
800 2903 871 2957 cete
905 2897 1042 2976 singulos
1074 2917 1192 2976 ymnos
1225 2901 1271 2960 vei

157 2996 350 3074 antiphonae.
401 2995 483 3054 Nem
518 3001 551 3054 et
582 2994 756 3073 presbyteri
790 3001 822 3054 et
853 2994 994 3055 diacones
1021 3014 1146 3074 semper
1172 3000 1272 3078 pti-cu·

156 3097 231 3150 eunt
265 3090 298 3149 in
334 3109 370 3150 eo
403 3090 468 3149 looo
501 3088 540 3148 ed
575 3089 695 3167 vigilius
722 3094 846 3167 propter
872 3088 1105 3149 multitudinem
1135 3111 1216 3171 quoe
1241 3113 1273 3153 ιο

156 3188 288 3266 colliget.
331 3186 527 3248 Consuetudo
554 3187 635 3246 enim
664 3186 736 3246 tolie
764 3193 821 3260 est,
851 3193 889 3246 ut
917 3192 990 3246 ento
1018 3187 1177 3265 pullorum
1202 3210 1272 3252 oen·

157 3289 224 3342 tum
251 3283 317 3342 loce
344 3288 452 3342 canoto
477 3301 540 3342 non
566 3281 754 3359 aporiantur.
805 3280 881 3340 Mox
903 3286 1005 3340 eutem
1027 3282 1148 3358 primus
1169 3285 1273 3362 pullu·

156 3377 338 3448 cantaverit,
374 3376 480 3435 stetim
515 3374 679 3435 descendet
713 3375 877 3454 epiecopus,
905 3381 938 3435 et
964 3377 1065 3436 intret
1090 3377 1181 3439 intro
1205 3398 1272 3457 epo·

155 3471 277 3529 luncem
310 3469 350 3528 od
381 3469 570 3528 Aneeteeim.
622 3469 816 3546 Aperiantur
842 3468 943 3529 hostie
968 3470 1078 3543 omnio,
1108 3477 1146 3531 et
1171 3473 1273 3532 intret

154 3565 252 3624 omnis
280 3562 447 3623 multitudo
474 3562 515 3623 od
542 3563 732 3637 meusim,
763 3565 817 3623 ubi
849 3564 913 3644 jem
946 3564 1112 3624 luminario
1147 3568 1272 3627 infinite

155 3658 268 3717 lucent.
324 3656 368 3715 Et
401 3656 653 3735 quemadmodum
687 3658 842 3736 ingressus
874 3658 970 3718 fuerit
1007 3658 1152 3737 populun,
1189 3661 1272 3722 dicet

155 3751 305 3831 paulinum
325 3751 498 3831 quicunque
518 3750 557 3811 de
576 3753 771 3830 presbyterio,
791 3758 825 3812 et
844 3751 1028 3832 respondent
1046 3771 1157 3815 omnen
1167 3775 1178 3833 ;
1200 3764 1273 3837 poet

205 3991 214 4025 ¹
232 3992 316 4045 Siluio
326 4006 423 4055 meone,
434 3992 457 4043 it
467 4006 549 4044 econio
559 3995 587 4044 to
597 4007 647 4054 me,
657 3991 717 4043 thet
727 3993 774 4045 the
788 3992 929 4046 multitudo
940 3993 1026 4046 which
1036 3997 1189 4052 menuae
1198 3999 1273 4054 thero

156 4087 209 4124 uae
220 4070 382 4137 comperoblo
392 4070 457 4122 with
469 4071 540 4123 vehet
551 4071 573 4123 ie
583 4086 645 4123 econ
655 4070 795 4124 elsewheie
804 4088 839 4125 on
850 4073 942 4125 Foster
952 4074 1012 4141 Doy
