2814 4816
152 356 215 420 496
262 370 440 419 cuulsrlsu
463 371 633 423 worsmi’:
656 372 707 422 [ss
729 372 846 422 ORIGIN
869 373 939 421 AND
961 373 1169 424 EVOLUTION.

153 529 226 589 dum
247 530 401 604 dicuntur,
422 533 547 612 grandis
568 552 653 592 mora
673 533 765 592 litut
784 535 839 592 fiat
856 535 949 592 missa
965 533 1137 607 ecclesiae3
1160 542 1194 592 et
1207 534 1270 593 ideo

154 631 227 684 ante
247 632 387 703 quartam
409 626 521 699 horam,
544 632 600 686 aut
620 626 701 687 forte
724 628 872 705 quintam,
896 628 987 686 mbse
1013 625 1109 706 [non]
1136 629 1185 690 fit.
1228 630 1271 686 At

153 720 206 777 ubi
233 726 336 779 eutem
364 721 456 780 missa
482 721 567 780 fecte
594 720 690 779 fuerit
718 721 861 780 ecclesiae
887 722 979 799 juxta
1013 723 1269 781 consuetudinem

154 832 214 891 qua
248 821 281 873 et
310 814 424 893 ubique
450 816 496 889 fit,
524 822 600 874 tunc
627 814 665 874 de
692 816 818 875 ecclesia
845 820 1043 875 monazontes
1071 834 1145 875 cnm
1174 818 1270 893 ymnis

155 907 274 968 ducunt
296 911 469 988 episcopum
492 929 590 989 usque
613 911 653 969 sd
678 911 867 972 Anastasim.
919 908 997 969 Cum
1023 916 1134 970 eutem
1160 913 1269 990 ceperit

155 1004 311 1081 episcopus
338 1005 443 1064 venire
472 1024 540 1064 cnm
572 1004 704 1082 hymnis,
737 1005 918 1083 aperiuntur
951 1004 1057 1062 omnia
1093 1004 1204 1065 hostia
1236 1007 1269 1066 de

154 1098 280 1157 basilica
300 1098 473 1161 Anastasis.
524 1098 631 1158 Intrat
650 1099 749 1158 omnis
768 1098 907 1176 populns,
928 1096 1029 1156 fidelis
1049 1103 1163 1158 tamen
1173 1120 1182 1174 3
1203 1120 1268 1159 nam

154 1192 358 1252 cathecumini
385 1213 454 1253 non.
506 1193 550 1252 Et
576 1194 688 1253 stubi
712 1193 877 1252 intraverit
901 1191 1042 1271 populus,
1067 1194 1177 1253 intret
1200 1196 1268 1272 epis

156 1305 257 1364 copus,
277 1293 310 1345 et
331 1288 437 1345 statim
458 1286 630 1365 ingreditur
650 1288 736 1346 intre
755 1286 904 1347 cancellos
924 1287 1069 1364 martyrii
1098 1290 1267 1366 speluncae

155 1380 292 1440 Primum
318 1387 454 1458 aguntur
480 1381 599 1460 gratim
623 1381 697 1453 Deo,
722 1387 755 1440 et
779 1382 822 1440 sio
846 1382 882 1440 fit
905 1379 1004 1440 oratio
1028 1399 1086 1458 pro
1111 1384 1267 1456 omnibns;

154 1476 345 1554 postmodum
380 1476 486 1536 mittet
520 1495 622 1536 vocem
658 1476 801 1536 diaconus
835 1483 869 1535 et
900 1475 1052 1535 inclinent
1081 1478 1192 1554 cupite
1218 1498 1268 1537 aus

154 1589 267 1642 omnea,
296 1569 443 1647 quomodo
467 1575 572 1642 stent;
602 1576 634 1629 et
658 1570 702 1629 sic
729 1569 888 1629 benedicet
915 1589 966 1628 eos
992 1570 1161 1648 episcopus
1188 1580 1268 1631 stans

153 1664 235 1723 intro
253 1663 402 1722 cancellos
422 1664 593 1735 interiores,
610 1670 643 1722 et
664 1663 856 1742 postmodum
876 1663 1043 1740 egreditur.
1088 1664 1268 1744 Egredienti

155 1765 257 1817 autem
285 1759 424 1837 episcopo
450 1778 554 1818 omnes
580 1757 620 1816 nd
648 1778 770 1818 manum
799 1759 953 1820 accedent.
994 1761 1045 1818 Ac
1072 1761 1121 1819 sio
1151 1768 1208 1833 eet,
1236 1767 1268 1818 nt

154 1871 246 1930 prope
270 1871 366 1930 usque
389 1852 429 1912 ad
453 1853 592 1930 quintam
616 1859 672 1911 aut
695 1858 813 1911 sextsm
836 1851 942 1912 horam
965 1855 1145 1931 protraitnr
1173 1855 1266 1916 missa

156 1946 236 2005 Item
260 1954 293 2005 et
316 1947 355 2006 ed
379 1948 554 2006 lucernares
578 1947 719 2006 similiter
743 1948 779 2005 fit
801 1947 892 2023 juxte
916 1947 1177 2009 consuetudinem
1202 1950 1267 2009 coti

155 2039 286 2099 dianam.

218 2133 304 2192 Haeo
326 2153 397 2212 ergo
416 2135 603 2195 consuetudo
623 2135 751 2212 singulis
771 2133 879 2194 diebus
899 2136 945 2194 ita
962 2154 1017 2212 per
1032 2142 1142 2197 totum
1156 2157 1266 2198 snnum

154 2228 353 2303 custodiatur,
378 2229 513 2308 exceptis
536 2230 643 2288 diebus
667 2228 870 2300 sollemnibus,
896 2229 1007 2307 quibus
1034 2236 1067 2288 et
1098 2231 1178 2309 ipsis
1203 2251 1267 2310 qne

154 2323 347 2383 madmodum
374 2324 430 2382 fiat
456 2324 538 2382 infre
565 2324 786 2383 annotavimus.
838 2323 906 2383 Hoc
929 2330 1033 2383 nutem
1057 2325 1148 2384 inter
1171 2328 1268 2386 omnis

156 2417 232 2475 setis
259 2417 435 2495 precipuum
463 2423 511 2476 est
538 2417 618 2495 quod
645 2417 775 2488 faciunt,
804 2423 840 2476 ut
867 2418 975 2494 psalmi
998 2418 1048 2476 vel
1076 2420 1266 2497 antiphonse

156 2510 221 2586 apti
242 2528 358 2585 semper
379 2509 529 2581 dicantur,
553 2515 617 2567 tarn
638 2509 689 2586 qui
711 2514 800 2567 nocte
822 2508 973 2581 dicuntur,
996 2516 1061 2567 tem
1084 2512 1143 2589 qui
1164 2520 1266 2571 centn

156 2609 283 2675 mature,
313 2609 376 2661 tem
404 2605 497 2662 etiam
525 2605 578 2681 qui
604 2622 658 2680 por
686 2603 765 2662 diem
792 2604 841 2662 vel
869 2610 958 2663 sexta
976 2610 1033 2664 sut
1052 2623 1141 2665 nona
1162 2608 1211 2665 vel
1231 2606 1265 2664 ud

154 2697 321 2769 lucernare,
350 2716 467 2776 semper
494 2699 540 2756 ite
567 2698 633 2774 apti
660 2704 692 2756 et
719 2698 765 2756 ita
792 2697 996 2771 rationabiles,
1026 2704 1063 2757 nt
1096 2699 1141 2758 ed
1173 2702 1265 2778 ipssm

155 2809 217 2848 rem
238 2791 414 2867 pertineant
438 2810 515 2868 quae
539 2791 649 2868 agitur.
692 2789 824 2850 Etcum
847 2796 914 2850 toto
934 2811 1014 2850 anno
1033 2811 1159 2870 semper
1180 2794 1267 2854 domi-

154 2884 224 2942 nice
244 2882 293 2942 die
314 2884 347 2941 in
367 2883 492 2943 ecclesis
511 2885 625 2959 majore
643 2882 832 2961 procedatur,
849 2883 943 2944 idest
960 2903 1040 2962 quae
1057 2885 1094 2943 in
1115 2887 1266 2966 Golgoths

154 2985 202 3036 est
224 2977 268 3055 (id
288 2983 337 3036 eet
356 2985 425 3055 post
446 2978 596 3055 Crucem),
613 2997 705 3056 quam
724 2976 798 3036 iecit
817 2976 1047 3051 Constantinus,
1062 2999 1132 3039 una
1146 2988 1266 3042 tentum

154 3071 205 3130 die
232 3070 390 3144 dominice,
420 3070 451 3131 id
479 3078 526 3129 est
555 3070 881 3148 Quinquegesimarum
910 3090 963 3149 per
990 3070 1209 3147 Pentecosten,
1237 3076 1266 3134 in

155 3166 239 3242 Syon
265 3165 450 3243 proceditur,
477 3165 555 3224 sicut
584 3164 666 3223 inira
689 3170 871 3224 annotatum
893 3165 1075 3240 invenietis;
1098 3168 1146 3227 aic
1167 3175 1266 3228 tamen

154 3260 188 3318 in
223 3258 313 3336 Syon,
349 3265 387 3318 ut
417 3265 581 3337 antequam
608 3259 650 3317 eit
677 3258 752 3317 hora
779 3259 874 3319 tertis
900 3259 953 3318 et¹
980 3259 1054 3319 illuc
1081 3268 1185 3337 eatur,
1214 3264 1267 3323 flat

153 3352 283 3431 primum
297 3353 388 3412 missa
401 3354 434 3413 in
448 3353 603 3413 ecclesiam
617 3354 785 3431 majorem.²

286 3469 303 3504 fl
427 3469 444 3504 Ι
565 3471 581 3503 ⁴}
703 3471 720 3502 ff
842 3471 859 3503 ἱ
979 3470 996 3502 ff
1122 3473 1141 3506 st

207 3689 213 3718 ¹
232 3690 245 3740 I
256 3688 352 3754 supply
365 3692 396 3740 et.
432 3690 473 3739 On
485 3687 547 3750 thie,
558 3702 601 3739 sec
613 3689 694 3754 irp‘rc,
705 3703 730 3754 p.
742 3691 798 3740 516.

201 3768 255 3816 'A
276 3766 332 3817 lesi
350 3766 374 3816 is
394 3766 510 3831 wanting
532 3765 600 3817 here.
633 3765 660 3816 It
681 3764 827 3827 contained,
843 3764 944 3816 besides
964 3765 1146 3819 observatione
1166 3784 1201 3820 on
1222 3768 1265 3821 the

154 3843 275 3909 ordinary
291 3843 364 3910 days,
380 3844 427 3896 the
448 3844 593 3909 beginning
614 3843 643 3893 of
662 3842 709 3894 the
731 3843 887 3908 description
908 3842 937 3893 of
957 3841 1004 3893 the
1024 3843 1151 3897 festivals
1166 3862 1201 3898 on
1223 3847 1265 3898 the

154 3922 284 3988 Nativity.
320 3923 406 3974 These
422 3923 542 3976 festivum
558 3921 619 3973 took
637 3922 710 3987 place
721 3926 750 3973 at
765 3921 911 3973 Jerusalem
927 3936 960 3972 on
976 3919 1023 3972 the
1033 3920 1081 3974 eth
1093 3923 1126 3973 or
1140 3924 1264 3988 sum,

152 4001 205 4051 and
222 4005 267 4051 not
283 4017 316 4052 on
332 4001 379 4052 the
395 4000 459 4053 etth
470 4001 500 4052 of
514 4001 657 4054 December
667 4002 723 4067 (seo
739 4003 827 4064 above,
838 4018 863 4069 p.
874 4002 944 4067 ato).
979 4001 1066 4053 There
1082 4018 1141 4057 ves
1156 4020 1175 4057 s
1189 4004 1265 4070 night

153 4079 224 4130 Mass
241 4084 269 4130 et
286 4080 450 4143 Bethlehem,
461 4080 513 4132 and
528 4097 544 4131 a
559 4080 610 4145 day
622 4081 692 4132 lines
706 4084 733 4132 at
747 4081 899 4132 Jerusalem.
932 4080 989 4132 ‘l'he
1001 4082 1154 4145 proce-nn
1169 4081 1264 4137 mesu
