2814 4816
142 429 207 496 458
252 447 432 497 cumeum
454 445 623 496 wossms:
646 445 699 496 us
720 445 838 495 omem
862 445 931 495 iun
953 442 1157 494 monumen.

143 610 288 681 oratione,
316 615 349 668 et
376 608 517 668 osculant
544 608 643 668 altere
670 607 742 668 hinc
769 614 802 668 et
829 607 910 668 inde.
968 607 1011 666 Iit
1040 606 1117 668 dum
1146 601 1260 664 dixerit

143 702 223 761 scole
250 721 372 761 versum
401 702 441 762 ed
469 701 678 780 repetendum,
705 703 804 781 surgit
827 700 969 780 pontifex
995 700 1039 760 eb
1063 699 1212 760 oracione
1231 704 1262 753 et

142 795 261 855 osculat
287 796 477 873 evangelium
505 796 557 874 qui
584 802 632 855 eet
659 814 750 874 super
777 797 883 869 altere,
908 802 940 855 et
961 793 1052 854 vedit
1079 793 1121 854 de
1150 791 1260 851 dextre

143 889 676 967 perteelterieedsedemsuem,
705 896 738 950 et
771 889 892 950 dieconi
926 889 1097 966 cumipse
1128 884 1260 945 hincet

143 982 216 1043 inde
229 989 348 1043 etentes
361 991 394 1044 et
407 984 588 1062 aspicientes
602 989 711 1044 oontre
724 984 894 1044 orientem.¹

206 1078 326 1137 Deinde
351 1084 472 1157 ponunt
499 1077 626 1138 acolithi
646 1084 817 1139 cereostato
836 1097 910 1156 ques
938 1083 1049 1137 tenent
1072 1076 1109 1135 in
1132 1081 1256 1135 terrem

145 1171 188 1230 Et
221 1173 294 1233 dum
327 1173 524 1251 compleverit
557 1174 638 1233 scole
671 1173 882 1252 antiphonam,
909 1171 1021 1232 annuit
1049 1168 1198 1248 pontifex
1224 1174 1258 1227 ut

144 1266 265 1326 dicetur
286 1265 378 1344 Kyn'c
406 1265 520 1329 eleison.
577 1266 621 1327 Et
640 1265 718 1327 dicit
738 1267 820 1328 scole
840 1272 873 1325 et
894 1270 1041 1344 repetunt
1070 1262 1259 1342 regionarii’

144 1360 197 1437 qui
222 1366 310 1419 stent
341 1361 451 1419 subtus
477 1360 616 1423 ambone.
672 1361 756 1420 Dum
783 1359 975 1438 repetierunt
1008 1359 1116 1430 tertio,
1147 1358 1257 1416 iterum

144 1455 255 1512 annuit
277 1454 418 1533 pontifex
444 1461 482 1514 ut
503 1455 625 1514 dicetur
648 1452 781 1515 ttrietac
808 1453 925 1515 eleison.
976 1451 1020 1511 Et
1045 1450 1134 1511 dieto
1158 1451 1257 1520 tertie.

141 1549 255 1608 iterum
279 1550 390 1608 ennuit
411 1555 448 1608 ιιι
471 1549 594 1608 dicetur
607 1548 695 1609 Kirie
715 1547 830 1608 cleison.
873 1547 917 1606 Et
940 1546 1014 1607 dum
1036 1545 1259 1624 compleverint

144 1660 253 1702 novem
281 1642 406 1714 vicibus,
435 1643 547 1702 annuit
577 1649 614 1702 ιιι
641 1642 801 1700 finientur.
850 1640 895 1699 Et
922 1639 1090 1726 respiciens
1119 1638 1259 1716 pontifex

144 1736 185 1795 ed
211 1737 355 1816 populum
382 1737 460 1796 dicit
489 1735 593 1796 Gloria
619 1736 651 1796 in
678 1734 798 1796 excato
825 1733 891 1795 Deo
921 1739 954 1793 et
981 1731 1121 1792 revolvit
1157 1751 1192 1792 ee
1223 1729 1259 1790 ed

143 1832 291 1890 orientem
313 1837 346 1890 et
373 1830 493 1890 dieconi
521 1850 589 1890 cum
613 1832 689 1910 ipso,
710 1848 807 1908 usque
830 1829 903 1889 dum
930 1827 1074 1905 expletur
1103 1825 1212 1887 Gloria
1231 1825 1259 1883 ie

144 1925 264 1986 excelsis
287 1925 360 1984 Deo.
404 1923 499 1984 Hunc
526 1925 655 2004 expleto,
684 1924 809 2003 respicit
835 1922 980 2001 populum
1006 1926 1042 1979 et
1069 1919 1176 1980 dicit:
1194 1919 1259 1978 Pae

143 2019 228 2079 ootic.
285 2019 520 2097 Respondetur:
555 2018 596 2078 Et
630 2038 693 2079 cum
724 2017 830 2098 spiritu
863 2023 921 2080 tuo.
976 2013 1103 2074 Deinde
1135 2013 1257 2076 Oreo-c

144 2112 302 2172 Leventur
326 2111 453 2172 acolithi
476 2117 665 2172 oeereostete
688 2117 720 2172 et
743 2116 865 2189 ponunt
886 2129 923 2170 ee
944 2114 1019 2168 ente
1044 2108 1160 2182 altere,
1185 2108 1259 2167 sicut

143 2206 281 2266 ordinem
295 2204 419 2264 hebent.

206 2299 354 2359 Orecione
389 2297 520 2376 explete,
551 2297 637 2357 sedet
671 2296 811 2374 pontifex
835 2297 870 2355 in
896 2294 968 2354 sede
994 2314 1052 2354 sue
1078 2300 1117 2354 et
1145 2293 1259 2355 dieooni

144 2398 230 2452 stent
257 2391 329 2451 hinc
356 2397 389 2450 et
417 2390 497 2454 inde.
541 2390 585 2450 Et
612 2391 744 2450 revertit
771 2391 852 2449 scole
873 2389 983 2448 subtus
1003 2387 1120 2447 tebule
1142 2389 1197 2467 qui
1215 2392 1260 2446 eet

143 2488 253 2545 subtus
286 2486 424 2559 ambone,
458 2492 491 2545 et
525 2485 704 2545 subdiaconi
737 2484 791 2564 qui
825 2489 912 2543 stent
945 2482 1056 2542 subtus
1092 2482 1257 2542 cancellum

143 2580 280 2658 psallunt
308 2581 389 2639 circe
416 2580 516 2638 altere
540 2598 579 2639 ex
606 2585 738 2657 utreque
765 2583 864 2656 perte.
907 2576 949 2636 Et
976 2577 1092 2636 ennuit
1121 2576 1257 2656 pontifex

145 2680 182 2732 ιιι
208 2673 337 2733 sedeant
361 2673 535 2733 secerdotes
561 2675 595 2732 in
622 2673 821 2752 presbyterio.
879 2670 999 2731 Deinde
1025 2670 1148 2749 legitur
1175 2671 1259 2731 leetio

144 2785 164 2825 e
198 2766 382 2828 subdiacono
409 2769 443 2827 in
470 2768 606 2840 umbone,
641 2764 753 2826 stens³
787 2767 821 2825 in
847 2765 979 2826 medium
1012 2764 1052 2825 de
1085 2765 1184 2839 scole,
1209 2769 1259 2824 ιιι

143 2857 293 2918 eoolithus
319 2860 440 2938 plenite
466 2867 500 2920 et
527 2861 639 2938 occipit
673 2861 846 2920 cantorium
873 2866 906 2919 et
932 2857 1040 2937 psallit
1065 2859 1105 2918 in
1133 2859 1259 2920 ambone

144 2960 178 3014 et
190 2953 266 3013 dicit
280 2956 502 3032 responsorium
514 2975 524 3030 ;
543 2955 683 3014 similiter
695 2961 730 3014 et
743 2954 822 3013 elius
836 2952 992 3014 Alleluia.»

207 3047 277 3108 Hoc
303 3049 435 3127 expleto,
459 3048 590 3108 inclinet
611 3068 644 3108 se
668 3048 814 3109 diaeonus
841 3049 881 3108 ed
904 3047 1089 3127 pontifieem,
1115 3056 1152 3108 et
1177 3048 1262 3127 jubet

145 3143 284 3223 pontifex
307 3150 344 3203 ut
365 3144 486 3223 legetur
508 3144 700 3223 evangelium
711 3165 722 3220 ;
741 3151 774 3204 et
795 3144 882 3205 vedit
898 3142 939 3204 ed
960 3144 1069 3217 altere,
1084 3149 1123 3203 et
1145 3143 1262 3205 osculat

196 3402 203 3431 ¹
221 3400 263 3452 Ou
276 3398 416 3460 condition,
432 3399 455 3449 it
471 3402 541 3449 must
558 3398 589 3448 be
608 3396 772 3460 understood,
788 3398 847 3450 thet
862 3398 908 3450 the
927 3396 1033 3450 Ohureh
1049 3397 1132 3451 hudo
1148 3399 1226 3451 ihelf
1239 3404 1266 3451 to

146 3477 201 3527 thie
216 3476 379 3527 orientation.
418 3474 485 3525 This
501 3474 526 3525 is
542 3474 588 3524 tho
604 3488 664 3524 enee
678 3474 743 3525 with
763 3474 810 3527 the
827 3479 878 3528 two
895 3476 1016 3527 basilicae
1032 3474 1062 3526 of
1079 3475 1133 3529 the
1150 3478 1264 3531 hieru

144 3554 198 3607 end
208 3554 255 3606 the
262 3553 386 3682 lYetioen
397 3553 444 3604 but
454 3555 500 3604 not
511 3552 576 3605 with
587 3551 661 3605 those
674 3553 704 3603 of
719 3552 801 3604 Sento
814 3553 901 3606 Meris
914 3553 1058 3619 Meggiore,
1069 3551 1114 3607 St.
1125 3553 1205 3615 Pom.
1214 3554 1266 3608 end

145 3648 224 3698 meny
234 3635 262 3683 ot
281 3646 329 3682 ere.

194 3712 205 3740 ²
221 3710 280 3761 The
290 3707 538 3774 region-defendere.

194 3789 349 3841 ’Thetext
362 3788 387 3840 is
401 3787 585 3853 bereoorxupt
618 3785 659 3839 cf.
670 3785 717 3838 the
734 3787 803 3841 Ordo
817 3787 848 3840 of
861 3787 1001 3840 Mehillou:
1017 3787 1219 3846 Minoem.
1235 3831 1267 3849 ..

144 3870 257 3921 moene
282 3870 313 3921 ie
333 3867 459 3920 ambonem
486 3871 511 3919 et
534 3867 601 3934 levit.
643 3865 781 3932 Postquam
806 3868 900 3935 lepeit,
920 3870 1007 3919 ooefw
1033 3884 1094 3922 ee·
1122 3876 1267 3925 mteforie

145 3947 258 3999 occcidit
273 3950 297 3999 et
312 3944 377 3999 dicit
393 3961 544 4014 remmus
577 3944 610 3995 In
625 3958 673 3995 our
687 3947 746 3997 text
761 3959 831 4015 some
841 3944 924 3999 words
938 3960 984 3998 ece
999 3948 1137 4015 nentium
1154 3951 1170 4001 1
1186 3951 1265 4004 think

145 4027 205 4080 thet
221 4027 268 4079 the
283 4029 374 4080 centor
384 4042 437 4080 wee
451 4025 514 4079 here
528 4022 666 4091 requceted
676 4026 768 4090 tepet
784 4024 824 4077 ou
836 4023 880 4080 his
894 4025 1001 4092 plenete
1015 4025 1108 4080 before
1125 4030 1265 4095 nonnum

144 4105 191 4157 the
201 4106 282 4159 embo.
