2814 4816
613 338 785 389 urrunnu.
1201 327 1265 390 509

143 501 244 562 oratio
257 506 331 578 apta
341 524 350 575 ;
371 501 415 561 sio
428 500 542 562 dioitur
561 520 693 581 ymnus3
712 501 788 561 item
809 501 924 580 legitur
943 500 997 561 ille
1017 500 1100 560 locus
1114 500 1153 559 ds
1166 517 1249 559 evan

144 596 234 674 gelio,
261 596 315 655 ubi
347 596 579 674 eomprehensus
612 602 660 655 est
687 595 846 656 Dominus.
904 594 965 665 Qui
997 593 1081 653 loous
1108 592 1148 651 ad
1174 591 1256 671 quod

145 689 243 749 leotus
263 689 367 762 fuerit,
388 695 497 750 tantus
520 691 642 768 rugitus
661 694 695 750 et
714 690 849 767 mugitus
870 688 967 747 totius
990 687 1095 765 populi
1118 693 1254 746 osteum

143 781 227 853 fletu,
256 789 294 841 ut
319 782 452 843 forsitm
484 802 575 862 porro
601 781 642 841 ad
669 782 827 843 civitatem
860 781 993 860 gemitus
1026 780 1129 859 populi
1158 779 1255 839 omnis

145 873 270 936 auditus
283 876 334 935 sit.

488 1169 540 1252 (d)
561 1168 675 1231 Retura
695 1175 723 1227 lo
743 1166 914 1230 Jemalem.

208 1351 312 1412 Etiam
332 1371 371 1412 ex
391 1352 445 1411 illa
465 1351 540 1410 hora
559 1351 646 1410 bitur
666 1351 706 1411 ad
727 1352 885 1411 civitatem
906 1351 1034 1430 pedibus
1047 1370 1116 1410 oum
1137 1351 1260 1430 ymnis;

145 1445 322 1522 pervenitur
342 1442 382 1502 ad
402 1449 521 1522 portam
541 1463 578 1503 ea
598 1444 673 1503 hora
693 1464 753 1523 qua
773 1444 882 1521 incipit
902 1443 988 1522 quasi
1002 1442 1092 1504 homo
1105 1442 1256 1502 hominem

135 1557 322 1616 -oognosoere
334 1558 343 1612 3
376 1538 449 1597 indo
476 1543 576 1598 totum
603 1557 658 1616 per
686 1537 816 1598 mediam
844 1538 1001 1597 civitatem
1028 1556 1134 1597 omnes
1161 1556 1257 1614 usque

146 1633 185 1692 ad
213 1651 317 1702 unum,
344 1633 474 1709 majores
501 1638 594 1711 atque
620 1633 763 1708 minores,
791 1632 911 1706 divites,
936 1651 1091 1710 pauperos,
1119 1633 1181 1690 toti
1214 1632 1258 1690 ibi

146 1726 254 1803 parati,
283 1725 454 1803 specialiter
481 1726 536 1784 illa
562 1726 612 1785 die
639 1726 743 1785 nullus
770 1725 885 1785 reoodit
912 1746 931 1783 a
958 1725 1072 1802 vigiliis
1104 1742 1198 1801 usque
1225 1724 1259 1780 in

146 1840 242 1880 mane.
286 1820 336 1880 sio
357 1820 518 1879 deducitur
532 1821 689 1898 episcopus
711 1840 731 1880 a
753 1820 928 1879 (lossemani
950 1838 1045 1897 usquo
1068 1818 1107 1878 ad
1128 1823 1257 1895 portam,

145 1923 178 1973 ot
191 1913 261 1974 inde
274 1933 328 1992 per
342 1922 440 1974 totum
455 1915 611 1974 ciuitatem
625 1933 720 1993 usque
734 1914 772 1974 ad
788 1913 924 1975 Crucem.

333 2260 361 2319 7.
385 2256 467 2318 (leod
480 2256 694 2337 Mau—(a)
715 2256 827 2321 Seruios
849 2264 881 2315 ot
902 2255 1070 2334 Daytreak.

207 2444 294 2502 Ante
320 2440 450 2502 Cruoem
477 2448 580 2501 autem
607 2446 642 2499 at
668 2441 722 2500 ubi
742 2447 868 2499 ventum
888 2439 991 2511 merit,
1008 2441 1073 2516 jam
1094 2440 1148 2499 lux
1169 2442 1257 2518 quasi

144 2539 228 2599 clara
251 2538 359 2615 incipit
382 2557 456 2596 esse.
504 2535 555 2595 Ibi
577 2534 679 2595 denuo
700 2535 813 2612 legitur
835 2534 888 2593 ille
914 2533 997 2594 locus
1024 2533 1063 2593 de
1090 2536 1254 2613 evangelio,

144 2634 199 2693 ubi
226 2631 388 2692 adducitur
417 2631 567 2690 Dominus
601 2630 641 2689 ad
675 2627 818 2698 Pilatum,
847 2634 880 2686 et
914 2629 1016 2686 omnia
1051 2647 1255 2707 quaecumque

144 2729 259 2804 scripta
272 2732 346 2785 sunt
359 2725 495 2783 Pilatum
508 2724 548 2783 ad
562 2724 727 2783 Dominum
747 2723 861 2782 dixisse
881 2728 936 2782 aut
956 2722 996 2781 ad
1014 2722 1037 2782 J
1039 2722 1140 2798 udeos,
1154 2731 1255 2783 totum

144 2823 267 2900 legitur.
309 2818 505 2879 Postmodum
526 2826 628 2877 autem
649 2817 815 2896 alloquitur
835 2817 991 2894 episeopus
1012 2818 1163 2895 populum,
1186 2837 1254 2877 oon-

143 2917 264 2975 iortans
291 2933 350 2986 eos,
378 2913 521 2991 quoniam
555 2919 587 2971 et
621 2918 689 2971 tota
722 2917 811 2970 noete
845 2911 1061 2986 laboraverint,
1089 2918 1122 2971 et
1157 2912 1256 2972 adhue

144 3007 312 3068 laboraturi
335 3006 399 3065 sint
426 3007 491 3083 ipsu
519 3003 577 3077 die,
606 3010 643 3064 ut
669 3024 731 3064 non
757 3003 992 3077 lassentur,7sed
1019 3003 1154 3063 habeant
1173 3024 1255 3082 spem

145 3106 179 3164 in
207 3103 280 3176 Deo,
310 3103 363 3180 qui
390 3101 434 3160 eia
460 3119 515 3178 pro
542 3119 578 3159 eo
597 3099 701 3159 labore
721 3101 865 3175 majorem
892 3098 1059 3159 mercedem
1080 3098 1255 3160 redditurus

144 3199 194 3257 sit.
237 3195 281 3255 Et
300 3197 343 3254 sio
363 3193 540 3253 eonfortans
561 3212 620 3266 eos,
641 3198 678 3251 ut
698 3198 801 3271 potest
825 3193 897 3270 ipse,
920 3192 1076 3270 alloquens
1096 3192 1172 3252 dioit
1192 3194 1256 3256 eis:

145 3298 165 3326 “
176 3291 227 3351 Ito
247 3292 372 3351 interim
393 3308 474 3347 nuno
495 3289 702 3366 unnsquisque
723 3287 762 3346 ed
783 3287 997 3347 domumoellas
1010 3296 1137 3362 vestras,
1153 3289 1256 3349 sedete

144 3387 231 3446 vobis
251 3390 283 3444 et
302 3383 427 3455 modico,
443 3389 476 3441 et
495 3380 535 3440 ad
549 3379 655 3441 horam
676 3400 768 3459 prope
789 3381 951 3440 secundam
965 3381 1025 3441 diei
1039 3402 1142 3442 omnes
1155 3383 1257 3462 parati

144 3485 244 3541 estote
262 3477 322 3550 hio,
337 3483 373 3537 ut
394 3475 433 3536 de
452 3495 489 3535 ea
509 3475 584 3535 hora
605 3474 751 3552 usquead
765 3481 854 3533 sexta
874 3481 1013 3535 sanctum
1028 3476 1143 3553 lignum
1156 3478 1255 3536 oruois

145 3573 267 3652 possitis
294 3570 406 3643 videre,
435 3568 475 3629 ad
503 3568 634 3628 salutem
661 3568 720 3627 sibi
748 3568 952 3647 unusquisque
972 3575 1111 3629 nostrum
1131 3569 1256 3630 credens

145 3665 339 3748 profuturum
351 3685 360 3739 3
389 3664 427 3723 de
449 3662 524 3722 hora
547 3663 628 3722 enim
650 3667 738 3721 sexta
760 3661 859 3721 denuo
886 3681 1006 3722 necesse
1033 3663 1178 3724 habemus
1206 3663 1256 3723 hio

144 3780 249 3822 omnes
268 3759 430 3820 eonvenite
448 3759 481 3816 in
501 3758 563 3817 isto
582 3757 656 3829 loeo,
670 3757 703 3816 id
717 3762 765 3815 est
784 3762 857 3815 ante
871 3755 1006 3832 Omoem,
1021 3764 1059 3817 ut
1073 3759 1254 3819 lectionibus

145 3860 179 3914 et
193 3852 383 3915 orationibus
397 3851 545 3933 usquead
558 3856 678 3911 nootem
692 3868 813 3932 operam
827 3849 959 3912 domus.”
