2814 4816
608 437 781 487 aprunum
1185 418 1250 487 473

144 593 320 655 ebaallearea
340 597 521 679 euprepiae,
544 603 577 656 et
601 599 741 676 seqnitur
764 596 894 658 Alleluia
916 618 936 658 a
955 597 1149 671 oantonbus;
1176 597 1250 656 item

144 708 248 749 versus
264 689 303 751 Oe
319 712 374 771 par
390 699 547 751 celerem
569 691 612 752 lia
629 693 777 752 immmeal
794 692 831 752 lia
840 691 868 766 3¹
887 700 921 752 et
938 693 1045 752 finitur
1066 691 1173 752 ordine
1192 710 1253 770 quo

143 803 244 862 supra.
287 785 362 846 Post
381 787 460 846 bano
484 788 622 866 sequitur
643 786 788 848 diaeonus
805 787 955 847 secundus
965 787 987 826 ‘¹‘
1008 789 1042 846 in
1060 787 1251 865 evangelium

144 880 342 959 antiphonam
376 882 473 942 Venite
496 890 524 941 al
550 882 641 942 videte
668 882 778 956 leuem
808 881 918 942 deinde
945 884 1083 960 sequitur
1109 882 1208 942 oratio
1232 902 1252 940 a

143 976 319 1052 presbitero.

205 1070 248 1129 Et
268 1078 343 1132 tuno
357 1074 476 1133 vadunt
494 1073 535 1134 ad
555 1079 694 1133 sanetum
714 1074 873 1133 Andream
893 1073 933 1134 ad
955 1071 1092 1144 Orabam,
1106 1076 1251 1131 canentes

143 1164 343 1242 antiphonam
374 1165 445 1226 Vidi
477 1187 582 1247 aquam
616 1166 804 1244 epredlealem
833 1167 869 1226 de
898 1165 1009 1245 templo.
1062 1165 1138 1225 Poat
1171 1165 1251 1224 hano

143 1257 257 1316 dieitur
271 1258 401 1318 Alleluia
422 1280 491 1319 oum
511 1261 626 1337 psalmo
647 1259 773 1321 OXIII.
816 1259 884 1332 Quo
904 1259 1002 1332 finito,
1016 1263 1133 1338 primus
1153 1259 1252 1317 scolae

143 1349 253 1427 incipit
278 1351 417 1425 Alleluia,
444 1352 545 1413 Venite
572 1353 727 1413 exultemus
747 1354 879 1426 Domino,
903 1373 1007 1413 versus
1028 1351 1252 1430 Preoeeupemua

137 1441 249 1518 faeiem
263 1448 333 1524 eyiss.
375 1446 450 1506 Post
469 1446 548 1506 hano
570 1447 644 1506 dicit
665 1446 809 1507 diaeonus
829 1448 864 1506 in
876 1447 1033 1525 evangelio
1052 1446 1251 1525 antiphonam

145 1538 210 1600 otro
243 1551 341 1603 eaalea
373 1544 460 1605 dicite
493 1545 642 1624 discipulis
676 1549 759 1625 εἰμες
793 1545 902 1606 deinde
936 1546 1073 1624 sequitur
1105 1544 1205 1604 oratio
1232 1564 1252 1602 a

143 1637 319 1711 presbitero.

205 1730 325 1791 Deinde
344 1731 533 1793 descendunt
553 1734 702 1810 primatus
721 1734 864 1792 ecelesiae
877 1733 917 1792 ad
935 1733 1084 1804 accubita,
1098 1732 1251 1791 invitante

144 1826 264 1884 notario
277 1826 463 1900 viredomini,
479 1833 512 1886 et
525 1827 611 1886 bibet
624 1833 683 1898 ter,
696 1827 735 1886 de
748 1845 838 1904 greco
857 1846 929 1898 una,
945 1826 984 1885 de
996 1826 1107 1903 paetisi
1126 1845 1195 1897 una,
1212 1824 1251 1884 de

143 1937 318 1996 procumma
329 1917 424 2002 [una].
458 1921 623 2000 Postquam
636 1922 780 1993 biberint,
794 1939 897 1980 omnes
911 1919 1072 1998 presbiteri
1083 1926 1115 1978 at
1125 1920 1251 1978 aoholiti

143 2030 197 2088 per
210 2012 344 2090 singulos
363 2014 473 2074 titulos
493 2014 624 2075 redeunt
637 2013 677 2073 ad
690 2014 845 2074 iaciendas
861 2033 1010 2093 vesperas,
1025 2020 1058 2072 et
1075 2013 1119 2072 ibi
1139 2013 1251 2072 bibunt

144 2105 181 2164 do
196 2107 269 2165 dato
281 2109 458 2185 presbitero.

206 2199 274 2259 Her
284 2204 365 2262 ratio
377 2221 431 2281 per
441 2208 539 2262 totam
552 2201 750 2262 ebdomadam
762 2202 936 2262 servabitur
950 2221 1044 2280 usque
1056 2199 1251 2260 indominica

145 2297 249 2356 Albas.

665 2751 724 2812 VI.

205 2989 334 3061 Quando
349 2991 464 3048 letania
476 2992 572 3068 major
588 2991 679 3052 debet
698 2992 772 3064 fieri,
787 2991 953 3050 adnuntiat
970 3009 1037 3048 eam
1057 2987 1202 3047 diaeonus
1219 2988 1252 3045 in

144 3085 277 3143 statione
305 3083 454 3143 catholica
481 3091 513 3142 et
541 3084 633 3144 dicit:
664 3085 781 3144 “Feria
808 3085 871 3143 tale
894 3085 1046 3154 veniente,
1069 3081 1195 3140 collecta
1219 3081 1252 3137 in

143 3177 270 3235 basilica
282 3178 366 3236 beati
380 3178 470 3250 illius,
483 3181 578 3238 statio
591 3181 624 3238 in
634 3180 760 3238 basilica
773 3180 872 3237 sancti
886 3177 996 3236 illius.’'
1032 3176 1074 3233 Et
1088 3172 1251 3251 respondet

143 3273 240 3330 omnis
259 3272 376 3331 clerus:
394 3279 411 3306 “
422 3272 489 3332 Deo
501 3273 643 3351 gratias.'’
684 3272 781 3332 Diem)
802 3273 953 3343 nuntiata,
969 3271 1085 3347 colligit
1100 3289 1133 3328 se
1154 3267 1252 3326 omnis

144 3364 242 3423 clerus
256 3366 304 3424 vel
318 3367 415 3424 omnis
428 3367 556 3443 populus
571 3369 604 3424 in
617 3367 741 3425 eeclesia
755 3365 1014 3444 suprajamdiota3
1034 3371 1067 3422 et
1080 3362 1253 3440 ingreditur

144 3460 281 3536 pontifex
296 3461 328 3518 in
343 3462 484 3533 sacrario,
500 3480 554 3520 aen
567 3469 600 3521 et
613 3461 741 3534 diaconi,
752 3468 786 3520 et
798 3460 933 3520 induunt
947 3479 979 3517 se
993 3459 1127 3536 planitas
1140 3458 1250 3516 meas.

587 3730 618 3801 (i)
637 3729 793 3786 seosmdum.

577 3815 618 3886 (ii)
636 3814 748 3870 Deinde.

196 4064 204 4094 ¹
223 4063 309 4116 These
325 4079 370 4116 are
385 4063 432 4114 the
447 4063 504 4116 drot
521 4064 643 4117 wordsol
651 4065 762 4118 versoal
778 4062 861 4138 anda
885 4063 915 4114 of
929 4062 1017 4114 Psalm
1035 4063 1082 4113 93:
1098 4061 1115 4090 ‘⁸
1122 4063 1152 4112 ‘0
1170 4059 1254 4128 κύριος

149 4142 473 4211 ’durlhrvrrmluplnua
491 4182 497 4195 .
515 4180 522 4196 .
540 4182 546 4195 .
564 4144 609 4196 Kal
619 4144 669 4212 γὰρ
679 4141 829 4197 lorcam
839 4144 887 4206 τὴν
897 4140 1050 4207 οἶκονμένηῂ
1060 4141 1136 4206 ths.
1153 4178 1160 4192 .
1179 4178 1185 4192 .
1202 4141 1226 4193 .’‘
