2806 4822
140 390 205 456 506
250 406 429 457 cummim
451 405 621 456 woasnnz
645 406 698 456 ma
718 407 835 457 omem
860 407 929 457 me
951 406 1159 457 monumen,

141 568 241 624 totum
263 565 300 623 fit
321 564 496 641 lucernare3
516 567 553 626 fit
573 566 673 627 denno
693 566 794 628 oratio
815 565 855 626 ad
878 564 1007 627 Omoem
1028 572 1062 626 et
1085 563 1262 624 dimittitur

142 658 280 735 populus.

475 956 503 1015 3.
526 955 656 1034 Mondou
675 956 707 1015 io
727 953 806 1034 Holy
830 953 926 1017 Woek.

205 1125 286 1185 Item
307 1127 368 1184 alia
386 1125 444 1199 dia,
461 1126 493 1186 id
511 1135 560 1188 eat
577 1128 711 1189 aeonnda
731 1128 818 1201 feria
840 1133 977 1206 aguntur
999 1144 1081 1205 qnae
1100 1133 1263 1186 eonsuetu-

143 1216 224 1275 dinia
237 1222 311 1276 sunt
324 1218 363 1278 de
376 1220 460 1296 pullo
478 1222 576 1299 primo
594 1223 644 1300 agi
663 1242 758 1300 usque
771 1221 810 1280 ad
824 1241 913 1281 mane
927 1219 966 1279 ad
981 1218 1161 1293 Ananiam
1182 1220 1262 1279 simi·

143 1310 213 1368 liter
227 1311 307 1369 etad
323 1313 418 1371 tertia
431 1315 513 1374 etad
526 1321 616 1375 sexta
629 1323 764 1394 agimtur
774 1336 811 1376 ea
821 1335 899 1395 qnae
912 1315 988 1375 totta
998 1313 1260 1392 Quadrageaimia

144 1402 196 1460 Ad
211 1423 291 1462 nona
311 1410 414 1464 antem
435 1427 538 1466 omnes
558 1410 591 1468 in
611 1409 736 1468 eeclesia
755 1411 880 1487 majore,
895 1407 989 1468 idest
1003 1407 1043 1466 ad
1057 1407 1260 1486 Martyrium,

145 1496 287 1573 oolligent
301 1518 340 1571 se,
357 1506 389 1558 et
403 1501 446 1558 ibi
468 1522 563 1580 usque
576 1503 616 1562 ad
637 1503 744 1587 horam
763 1505 892 1582 primam
912 1503 1012 1562 noetis
1032 1521 1153 1580 semper
1176 1503 1262 1580 ymni

143 1596 177 1648 et
204 1592 389 1669 antiphonae
423 1595 578 1670 dicuntur,
608 1597 755 1657 lectiones
789 1600 883 1657 etiam
917 1604 1009 1675 aptae
1042 1596 1107 1656 diei
1135 1605 1171 1657 et
1199 1597 1263 1656 looo

143 1681 295 1760 leguntur,
325 1687 524 1765 interpositae
552 1710 670 1769 semper
697 1693 857 1752 orationea
916 1691 1138 1750 Lnoornarinm
1167 1691 1263 1750 etiam

144 1779 246 1854 agitur
261 1780 312 1852 ibi,
328 1801 397 1840 oum
412 1785 527 1861 ceperit
540 1784 615 1844 hora
629 1804 713 1846 esee:
733 1786 777 1845 aio
791 1792 840 1844 eat
853 1805 926 1862 ergo
938 1791 976 1844 nt
989 1793 1080 1843 noete
1093 1785 1193 1843 etiam
1207 1784 1263 1842 fiat

143 1873 235 1931 missa
248 1872 288 1931 ad
310 1874 504 1954 Martyrium.
548 1878 614 1937 Ubi
634 1899 703 1938 oum
723 1877 840 1938 iactum
860 1878 957 1937 fuerit
977 1877 1080 1953 miaaa,
1094 1874 1172 1937 inde
1193 1897 1262 1936 enm

142 1968 243 2046 ymnia
261 1968 301 2027 ad
323 1970 476 2031 Anaataae
494 1971 617 2032 dooitnr
634 1973 798 2051 epiaoopua
843 1972 883 2031 In
897 1991 957 2050 qno
974 1976 1080 2030 antem
1102 1972 1263 2049 ingressus

141 2061 236 2123 inerit
257 2064 291 2123 in
311 2064 470 2139 Anastaae
486 2067 599 2126 dieitur
619 2087 700 2127 unua
719 2086 837 2146 ymnus,
854 2066 892 2126 fit
904 2066 1013 2138 oratio,
1026 2064 1260 2126 benedicuntur

144 2158 356 2233 cathecumini,
373 2161 447 2222 item
461 2159 576 2236 fideles,
589 2169 623 2223 et
636 2163 673 2222 fit
687 2163 788 2223 miaaa.

469 2481 497 2540 4.
523 2479 656 2558 Taeedoy
675 2478 708 2539 io
728 2477 808 2558 Holy
825 2478 922 2540 Week.

205 2650 285 2709 Item
307 2650 401 2708 tertia
421 2649 499 2708 feria
520 2648 662 2708 similiter
683 2649 786 2709 omnia
809 2650 887 2707 fiunt
910 2649 991 2706 sicut
1012 2647 1148 2707 secunda
1171 2649 1261 2710 feria.

144 2744 227 2804 Illud
242 2746 337 2804 solnm
359 2744 484 2803 additur
504 2744 599 2802 tertia
621 2743 707 2816 feria,
728 2742 808 2821 quod
832 2749 920 2802 nocte
940 2761 1015 2815 aera,
1039 2748 1264 2823 posteaquam

144 2840 235 2897 missa
248 2839 333 2897 faeta
350 2839 446 2898 fuerit
460 2837 499 2895 ad
514 2837 711 2915 Martyrium,
726 2843 759 2896 et
779 2838 858 2896 itum
878 2836 974 2895 fuerit
994 2835 1034 2894 ad
1048 2836 1217 2912 Anaatase,
1231 2847 1264 2899 et

143 2932 243 2993 denuo
265 2935 298 2992 in
319 2934 472 2991 Anastaee
499 2932 592 2990 missa
618 2931 703 2990 iacta
729 2931 832 3004 inerit,
857 2950 961 2990 omnen
988 2929 1043 2988 illa
1065 2930 1144 2990 hora
1166 2942 1263 2993 noctu

144 3028 259 3087 vadent
280 3029 312 3085 in
327 3027 453 3086 ecelesia
475 3045 553 3103 quae
575 3032 621 3084 eet
644 3026 678 3083 in
698 3032 802 3084 monte
825 3025 948 3084 Eleona.
992 3023 1033 3083 In
1051 3044 1113 3102 qna
1133 3027 1264 3086 ecelesia

145 3142 213 3181 cum
241 3127 368 3181 ventum
395 3121 498 3192 luerit,
528 3120 629 3178 intrat
655 3119 811 3196 episcopus
839 3120 923 3178 intra
950 3119 1094 3196 spelunea
1123 3121 1171 3199 (in
1200 3142 1264 3201 qna

144 3216 288 3294 spelunea
308 3215 426 3275 solebat
441 3215 590 3273 Dominus
612 3212 719 3273 dooere
739 3212 925 3292 discipulos),
942 3219 974 3272 et
994 3213 1105 3290 accipit
1126 3214 1262 3274 oodioem

143 3310 303 3387 evangelii,
319 3317 350 3367 ot
364 3315 450 3368 stans
465 3311 528 3385 ipso
542 3308 698 3384 episeopus
712 3306 793 3384 leget
808 3307 901 3365 verba
914 3305 1037 3366 Domini
1052 3326 1130 3383 qnae
1143 3309 1263 3386 scripta

145 3410 220 3462 aunt
239 3406 272 3462 in
293 3404 450 3480 evangelio
470 3405 504 3460 in
518 3409 587 3460 eata
609 3400 745 3473 Matheo,
761 3401 855 3459 idest
877 3402 929 3460 ubi
950 3400 1082 3459 dieitur:
1111 3401 1214 3462 Videte
1228 3423 1264 3462 aa

145 3498 268 3576 quianon
281 3497 405 3556 seducat.
449 3497 493 3555 Et
506 3515 624 3556 omnem
642 3495 739 3573 ipsam
758 3495 972 3555 allocutionem
991 3494 1129 3573 perleget
1148 3498 1264 3574 episoo

145 3612 210 3670 pus.
268 3593 312 3651 At
339 3600 442 3651 autem
470 3593 525 3651 ubi
552 3592 606 3650 illa
632 3591 804 3668 perlegerit,
834 3592 871 3649 fit
898 3591 1004 3661 oratio,
1032 3589 1263 3654 benedicuntur

145 3686 357 3758 cathecumini,
380 3687 455 3744 item
476 3691 509 3745 et
530 3683 642 3757 fideles,
665 3685 702 3742 fit
724 3685 823 3757 missa,
839 3690 872 3743 et
893 3689 1091 3744 revertuntur
1113 3705 1133 3743 a
1152 3695 1263 3748 monte

144 3782 350 3858 unnsquisque
364 3779 404 3838 ad
418 3778 540 3838 domum
554 3798 639 3837 suam
655 3779 730 3836 eatis
744 3797 813 3836 sera
822 3779 887 3854 jam
903 3785 1000 3841 nocte.
