2814 4816
158 321 222 386 466
266 332 446 385 cumeum
470 329 638 382 worsmr:
661 329 713 380 ms
735 329 852 381 omem
875 329 946 381 Aren
966 329 1172 383 monumen.

159 492 349 552 vestimentis
363 493 425 551 suia
440 498 502 550 tam
525 491 664 569 pontifex
684 509 773 569 quem
793 497 825 550 et
839 489 990 550 diaconi‘l
1010 509 1082 550 cum
1099 491 1277 551 dalmaticis

156 594 189 645 et
202 586 379 647 subdiaconi
394 606 456 645 non
472 585 607 646 induunt
626 585 767 662 planitas
812 584 934 644 Deinde
949 585 1109 662 egreditur
1128 587 1274 666 pontifex

155 681 193 741 de
206 683 339 741 sacrario
352 700 420 741 cum
434 681 611 740 diaconibus
621 687 653 739 et
667 679 745 738 VII.
754 687 924 739 cereostata
936 686 1010 740 ante
1023 699 1104 755 eum,
1119 690 1157 742 et
1171 690 1274 744 cetera

154 774 233 835 sicut
258 795 323 835 mos
346 782 394 834 est
417 775 450 833 in
474 773 524 834 die
545 774 713 851 sollempni.
764 773 847 833 Dum
869 774 1028 833 transierit
1052 793 1108 853 per
1133 777 1271 838 medinm

154 871 261 942 scolae,
283 871 395 929 annuit
413 869 543 948 primum
567 871 664 929 scolae
683 875 720 928 ut
739 866 860 927 dicatur
881 865 992 927 Gloria.
1035 867 1081 927 Et
1100 877 1271 950 antequam

153 965 300 1024 ascendet
313 966 352 1025 ud
366 967 473 1039 altare,
489 965 545 1025 dat
564 986 668 1045 pacem
681 966 776 1043 priori
790 966 928 1042 episcopo
940 971 972 1025 et
985 966 1081 1043 priori
1093 970 1272 1045 presbitero

152 1081 206 1121 seu
220 1067 253 1121 et
266 1060 443 1121 diaconibus
456 1062 604 1122 omnibus.
646 1060 690 1119 Et
707 1060 832 1119 veniens
850 1065 925 1119 ante
938 1059 1037 1119 altere
1059 1067 1092 1120 et
1111 1063 1269 1123 reclinans

153 1174 185 1214 se
199 1155 238 1214 ad
251 1157 419 1216 oracionem
432 1161 604 1233 prostratus
617 1155 651 1213 in
665 1161 896 1232 terram‚nsque
909 1154 981 1214 dum
995 1153 1073 1214 dicit
1087 1175 1215 1218 versum
1229 1157 1268 1217 sd

153 1248 359 1326 repetendum.
403 1246 523 1307 Deinde
543 1247 648 1326 psallit
667 1247 707 1306 ad
728 1246 839 1308 sedem.
881 1245 924 1306 Et
945 1246 1017 1306 dum
1038 1247 1162 1309 finierit
1182 1250 1270 1310 Kirie

152 1341 258 1402 eleison
278 1342 364 1415 scola
382 1341 457 1401 dicit
477 1341 618 1401 Dominus
637 1339 775 1400 netum
795 1347 829 1399 et
850 1340 986 1419 sequitur
1006 1343 1109 1402 oracio
1136 1341 1223 1404 Deru
1249 1366 1270 1403 c

150 1456 205 1515 quo
229 1442 257 1495 et
280 1436 399 1510 Judoe5
427 1436 537 1496 deinde
564 1436 657 1496 leccio
673 1435 816 1513 Apostoli
843 1441 876 1493 et
898 1437 1132 1513 responsorium,
1158 1438 1270 1499 deinde

150 1531 350 1608 evangelium.
401 1529 556 1590 Offereute
582 1529 693 1608 populo
716 1528 792 1588 dicit
816 1529 897 1588 scola
918 1529 1108 1591 offertorium
1133 1529 1270 1593 Dectcrc

153 1621 280 1683 Domini.

213 1714 296 1774 Dum
318 1716 436 1774 venerit
453 1714 492 1773 ad
511 1716 611 1786 finem,
634 1715 667 1773 in
691 1714 791 1773 verbis
818 1714 984 1792 inquibus
1005 1717 1147 1792 coeperit
1169 1717 1271 1778 dicere

150 1807 229 1867 intra
252 1828 369 1887 quorum
394 1828 445 1868 sos
468 1807 636 1867 comortium
657 1827 713 1867 sou
736 1807 904 1867 aestimator
919 1806 1055 1880 metm)
1073 1810 1130 1868 aad
1158 1813 1269 1887 msice,

149 1921 325 1980 personemus,
341 1901 450 1963 meritis
464 1902 587 1979 lorpr'tor
600 1901 728 1976 admitte,
739 1922 796 1981 per
811 1900 957 1962 Officium
971 1901 1116 1963 domiuum
1131 1915 1268 1980 mmet,

148 1998 224 2053 tunc
238 1994 357 2054 vadunt
371 1993 490 2054 diaconi
508 2000 541 2054 et
561 1995 673 2054 tollent
692 1994 842 2073 ampullas
856 2013 924 2053 cum
937 1994 1003 2053 oleo
1023 2013 1082 2072 qne
1103 2005 1268 2074 ponuntur

149 2107 168 2144 s
182 2087 308 2147 diversis
329 2090 362 2146 in
382 2088 472 2166 podia
486 2095 518 2147 et
539 2094 647 2147 tenent
667 2107 718 2147 eas
732 2106 822 2165 super
835 2087 935 2145 altare
947 2093 980 2146 et
999 2087 1235 2152 benedicuntur
1249 2114 1268 2152 a

147 2184 308 2259 pontifice;
336 2183 456 2243 residue
480 2203 552 2243 vero
575 2203 652 2262 quse
674 2187 834 2242 remanent
855 2201 944 2261 super
967 2183 1130 2258 cancellos,
1157 2185 1268 2247 dextra

148 2275 274 2353 levaque
287 2278 378 2353 juxta
388 2276 487 2335 altare
501 2276 671 2336 ascendunt
684 2276 816 2354 episcopi
829 2282 862 2335 et
881 2275 997 2354 priores
1017 2277 1205 2353 presbiteri:
1227 2282 1267 2339 ab

147 2369 191 2426 eis
214 2369 449 2429 benedicuntur.
491 2369 560 2440 Qua
587 2369 798 2429 benedictione
825 2369 884 2428 olei
911 2370 1070 2448 completa,
1099 2373 1267 2453 subjungit

146 2461 284 2539 pontifex
299 2469 331 2521 et
342 2460 418 2522 dicit
432 2487 439 2524 ε
461 2461 616 2542 Perpetem
631 2463 795 2536 beccensis,
811 2461 941 2536 Dorico,
954 2482 1065 2542 semper
1078 2463 1157 2526 bona
1171 2486 1264 2539 crece,

146 2561 179 2612 et
199 2562 382 2616 revocentur
396 2557 549 2634 ampullae
562 2577 582 2615 a
601 2554 779 2615 diaconibus
799 2574 853 2633 per
873 2555 940 2614 loca
959 2575 1024 2615 sua.
1067 2555 1141 2616 Hec
1160 2566 1265 2619 autem

146 2647 318 2708 benedictio
339 2648 452 2709 dicitur
468 2668 559 2727 super
577 2650 676 2709 oleum
694 2654 819 2721 secreto,
835 2654 900 2707 tam
918 2669 938 2709 a
959 2648 1152 2726 pontificem>
1175 2672 1267 2731 quam

145 2746 179 2800 et
206 2741 245 2800 ab
272 2741 418 2820 episcopis
445 2742 494 2800 vel
529 2763 549 2801 a
576 2742 770 2820 presbiteris:
805 2739 923 2814 Emitte,
958 2740 1090 2817 Domine,
1121 2743 1267 2825 &ritas

145 2843 273 2897 muctam
297 2844 375 2897 tuom
397 2835 588 2910 Perusinum,
604 2837 660 2896 etl
684 2836 822 2896 oratione
843 2835 991 2914 completa
1004 2835 1080 2896 dicit
1102 2839 1266 2917 pontifex:

147 2928 209 2990 Pcr
229 2951 311 3011 quem
331 2931 382 2991 lec
401 2931 505 3004 omniu
529 2930 665 3003 Domino,
679 2937 712 2990 et
735 2936 845 3002 cetera,
868 2928 978 2989 deinde
1005 2931 1148 2993 oratione
1172 2934 1267 2995 domi·

146 3026 225 3098 nica,
246 3031 279 3084 et
299 3026 437 3104 sequitur
457 3023 566 3086 ntea
588 3044 647 3097 soe,
665 3042 843 3103 quaesumus,
867 3020 999 3099 Dcruiee,
1019 3029 1054 3083 et
1072 3022 1173 3087 dicit:
1194 3025 1268 3087 Pus

147 3115 267 3177 Domini
283 3116 322 3178 eit
335 3136 445 3198 semper
460 3115 605 3177 celocem.
649 3115 692 3175 Et
705 3115 792 3176 redit
810 3115 850 3176 ad
871 3113 971 3175 eedem
993 3120 1026 3174 et
1042 3115 1266 3198 confrangant,

591 3389 622 3460 (i)
658 3389 796 3446 diaconus.

589 3473 629 3545 (ii)
658 3473 764 3531 meritis

588 3556 639 3626 (iil)
658 3556 833 3630 pontificibus.

194 3826 202 3857 ¹
220 3825 342 3876 Between
359 3828 384 3876 et
402 3823 455 3875 end
470 3825 583 3876 oratioue
599 3824 645 3875 the
661 3823 822 3890 manuscript
838 3824 932 3875 inserts
951 3823 997 3876 the
1014 3823 1097 3877 words
1115 3829 1174 3895 ipos
1189 3847 1268 3887 sus.

142 3903 224 3954 οῑοιωη
241 3904 277 3954 ud
298 3902 459 3968 coquendum
479 3902 617 3965 intimum,
633 3900 720 3953 which
739 3915 784 3952 are
804 3917 822 3952 a
843 3901 973 3966 marginal
991 3901 1127 3956 &menos
1143 3911 1267 3977 strongly

142 3978 258 4031 insonae
268 3979 297 4030 in
317 3978 363 4030 the
382 3982 447 4033 text.
481 3978 540 4046 Ipse
560 3995 634 4031 ecum
644 3979 675 4040 is,
692 3993 858 4042 merescere
873 3979 989 4045 wrongly
1000 3977 1163 4047 deciphered
1173 3986 1267 4041 abb„-

141 4057 248 4111 viation.
282 4055 330 4109 We
340 4057 424 4123 ought
434 4062 462 4110 to
472 4057 534 4111 read
544 4057 589 4110 soi
598 4073 685 4125 supra,
696 4056 741 4108 eut
751 4057 820 4109 corbo
830 4059 918 4113 clause
928 4060 977 4112 etc
