2814 4816
614 403 787 452 ιιιιιιιιιιιι.
1196 393 1264 460 537

145 565 301 625 ecclesiam
330 584 380 624 ecs
408 565 528 624 deferat
540 565 657 637 ;-187.
682 564 785 624 eodem
813 563 901 623 modo
931 564 1082 642 primitias
1108 584 1197 624 areae
1225 574 1257 625 et

143 660 297 738 primitias
328 658 537 729 torcularium,
566 658 634 730 olei,
661 658 768 733 mellis,
791 657 888 731 lactis,
916 657 1005 717 lanae
1040 664 1073 717 et
1106 659 1258 737 primitias

143 751 290 812 mercedis
318 771 373 829 pro
409 752 512 811 labore
540 771 693 811 manuum.
749 750 836 810 Haec
863 752 965 811 omnia
1003 751 1182 811 deierantur
1216 755 1255 813 ad

142 847 317 925 episcopum
346 867 414 906 cum
441 847 586 925 primitiis
606 846 868 905 arborum-188.
890 845 1036 905 Sacerdos
1071 854 1175 906 autem
1203 850 1256 925 qui

142 940 198 1000 illa
225 942 343 1018 recipit,
377 949 451 1000 ante
485 942 587 1000 omnia
616 959 707 1018 super
735 940 796 998 illis
825 941 943 1017 gratias
974 947 1048 1018 agat
1079 940 1147 1000 Deo
1167 948 1257 1000 extra

144 1036 255 1108 velum,
270 1037 414 1096 adstante
429 1056 465 1095 ec
479 1037 531 1114 qui
545 1036 598 1094 illa
612 1036 731 1097 attulit.
773 1034 919 1094 Sacerdos
939 1042 1042 1094 autem
1056 1036 1098 1095 sie
1113 1035 1196 1095 dicat
1208 1059 1257 1097 ε-

147 1130 215 1193 189.
240 1131 390 1190 “Gratias
412 1132 529 1207 agimus
550 1131 618 1202 tibi,
643 1130 833 1207 omnipotens
856 1129 995 1209 Domipe,
1016 1130 1106 1202 Deus,
1129 1131 1181 1208 qui
1201 1151 1257 1190 nos
1333 1142 1336 1149 '

144 1225 247 1284 iecisti
270 1225 376 1304 dignos
404 1227 458 1303 qui
488 1225 542 1284 hos
570 1224 690 1284 fructus
711 1223 866 1282 videamus
890 1243 965 1301 quas
992 1229 1076 1283 terra
1096 1224 1152 1283 hoc
1176 1246 1259 1285 anno

146 1319 414 1398 produxit-190.
437 1318 571 1378 Benedic
591 1338 650 1390 eos,
665 1337 684 1377 o
700 1317 841 1390 Domine,
858 1317 937 1376 sicut
958 1337 1100 1376 coronam
1121 1319 1195 1376 anni
1214 1321 1263 1378 tui

145 1411 313 1472 secundum
326 1414 548 1491 benignitatem
570 1419 664 1484 tuam,
687 1412 809 1490 sintque
823 1410 862 1470 ad
882 1412 1060 1471 satietatem
1073 1414 1257 1490 pauperibus

146 1506 251 1585 populi
279 1508 449 1567 tui-191.
472 1507 515 1566 Et
545 1525 666 1566 servum
693 1513 782 1565 tuum
810 1505 851 1564 N.
887 1507 941 1584 qui
967 1505 1042 1564 haec
1075 1507 1191 1566 obtulit
1219 1527 1258 1567 ex

146 1601 255 1680 opibus
278 1602 342 1660 tuis
363 1603 436 1679 quia
457 1602 547 1661 timet
574 1600 728 1673 ται-192.
748 1598 875 1658 benedic
902 1619 970 1659 eum
999 1601 1037 1660 de
1064 1603 1146 1661 coelo
1174 1621 1259 1661 sacro

148 1702 204 1754 tuo
224 1715 286 1754 una
305 1715 373 1754 cum
394 1695 483 1756 domo
500 1702 533 1754 et
552 1696 622 1753 filiis
641 1695 708 1771 ejus
726 1700 758 1753 et
774 1693 895 1753 effunde
917 1714 1007 1773 super
1029 1715 1079 1755 eos
1095 1697 1262 1756 misericor·

149 1791 232 1850 diam
255 1799 289 1850 et
310 1792 442 1869 gratiam
470 1797 556 1849 tuam
584 1808 708 1861 sacram,
738 1795 774 1847 ut
801 1789 879 1846 sciat
906 1789 1097 1848 voluntatem
1118 1796 1205 1849 tuam
1227 1791 1261 1849 in

149 1886 289 1946 omnibus
305 1886 518 1946 rebus—193.
540 1884 583 1943 Et
595 1884 645 1942 fao
660 1889 696 1942 ut
710 1883 900 1942 haereditate
914 1885 1044 1961 accipiat
1064 1883 1097 1943 id
1117 1883 1196 1962 quod
1213 1891 1261 1944 est

149 1980 183 2038 in
210 1979 311 2053 caelis,
332 1998 386 2057 per
413 1978 442 2038 d.
469 1998 499 2039 m
524 1977 555 2038 J.
585 1978 620 2039 Ο.
648 1978 746 2037 filium
770 1983 858 2036 tuum
886 1976 1031 2037 dilectum
1055 1983 1088 2036 et
1112 1979 1259 2056 Spiritum

150 2078 290 2132 sanctum
309 2074 342 2131 in
361 2073 480 2132 saecula
498 2072 694 2132 saeculorum.
736 2070 977 2133 Amen.’'-194.
999 2071 1041 2130 Et
1061 2073 1163 2132 omnia
1180 2073 1261 2150 legu-

150 2167 234 2225 mina
254 2173 356 2227 terrae
379 2168 539 2245 omniaque
560 2185 649 2244 poma
673 2165 815 2226 arborum
837 2172 871 2224 et
892 2185 995 2226 omnes
1019 2166 1137 2226 tructus
1159 2173 1260 2227 terrae

152 2266 432 2338 cucumerariorum,
455 2264 583 2324 benedic
605 2283 650 2336 ea,
673 2269 767 2343 atque
791 2264 885 2322 etiam
906 2283 955 2323 eos
979 2263 1183 2341 quiefferunt
1208 2265 1262 2324 illa

151 2357 287 2422 benedic.

216 2451 281 2510 195.
306 2449 483 2511 Hebdomas
510 2470 573 2531 qua
591 2450 693 2509 ludaei
713 2449 831 2508 Pascha
851 2456 948 2528 agunt
969 2451 1008 2509 ab
1036 2450 1119 2509 omni
1150 2451 1260 2528 populo

150 2561 268 2603 summo
299 2563 367 2602 cum
394 2542 498 2602 studio
528 2544 715 2615 observetur,
745 2548 934 2620 caveantque
962 2542 1107 2620 imprimis
1135 2549 1171 2601 ut
1198 2544 1259 2602 illis

152 2637 258 2696 diebus
282 2637 380 2713 jejuni
400 2642 545 2696 maneant
563 2638 603 2696 ab
626 2637 709 2697 omni
729 2636 904 2713 cupiditate,
923 2637 969 2694 ita
990 2643 1025 2694 ut
1045 2637 1079 2694 in
1099 2637 1181 2695 omni
1201 2656 1260 2695 ser·

151 2749 239 2789 mone
253 2751 315 2789 non
329 2731 496 2810 loquantur
516 2750 585 2790 cum
604 2731 741 2802 tristitia,
751 2728 855 2788 -196.
877 2730 950 2808 quia
971 2734 1086 2788 norunt
1106 2730 1260 2790 dominum

151 2825 285 2884 universi
306 2824 520 2902 impassibilem
538 2844 593 2902 pro
612 2825 700 2883 nobis
713 2842 834 2901 passum
856 2842 922 2882 esse
940 2841 976 2883 ec
996 2829 1131 2902 tempore
1152 2831 1188 2883 ut
1206 2843 1261 2883 nos

151 2923 303 3000 patientes
327 2923 491 2983 toleremus
518 2921 635 2982 dolores
657 2922 769 3001 quibus
790 2921 914 2980 liberari
938 2923 1085 2999 possimus
1111 2922 1172 2980 illis
1199 2929 1262 2981 tor·

152 3018 264 3076 mentis
290 3036 370 3097 quae
391 3023 516 3095 propter
548 3023 675 3094 peccata
698 3022 804 3074 nostra
831 3016 1015 3090 meruimus;
1044 3021 1140 3094 utque
1167 3017 1260 3075 etiam

151 3114 313 3190 participes
327 3112 402 3172 facti
417 3112 552 3172 dolorum
567 3131 643 3190 quos
656 3130 711 3190 pro
725 3111 812 3170 nobis
830 3111 971 3188 suscepit,
986 3111 1149 3188 participes
1168 3112 1263 3170 simus

153 3209 238 3284 regni
252 3207 439 3283 ejus-197.
461 3205 557 3266 Cibus
578 3212 681 3265 autem
694 3206 749 3284 qui
768 3211 905 3282 tempore
927 3205 1038 3283 Πάσχα
1054 3205 1196 3264 convenit
1214 3213 1262 3264 est

152 3302 240 3378 panis
254 3320 322 3359 cum
336 3301 400 3360 solo
414 3300 476 3360 sale
490 3307 523 3359 et
536 3298 737 3377 aqua-198.
761 3297 794 3357 Si
808 3299 877 3378 quis
892 3298 996 3357 morbo
1010 3297 1137 3356 affectus
1151 3303 1199 3356 est
1211 3298 1260 3356 vel

152 3393 217 3450 ruri
235 3393 331 3452 vitam
352 3394 417 3470 agit
431 3393 485 3453 ubi
498 3391 680 3452 christianos
694 3411 755 3451 non
769 3392 864 3464 novit,
888 3392 934 3450 ita
948 3398 983 3450 ut
1002 3396 1138 3468 tempore
1153 3392 1264 3471 Πάσχα

152 3487 289 3546 laetitiae
315 3507 348 3546 se
375 3487 536 3565 permittat
561 3488 705 3564 ignorans
732 3485 896 3544 terminum
924 3485 998 3561 ejus,
1029 3484 1079 3543 vel
1106 3485 1133 3543 si
1159 3484 1264 3544 morbo

152 3589 289 3642 extremo
318 3589 441 3643 coactus
471 3589 527 3656 est,
557 3581 590 3641 hi
617 3600 721 3641 omnes
741 3581 883 3658 jejunent
910 3587 979 3658 post
1004 3578 1205 3639 Pentecosten
1229 3588 1263 3638 et

153 3676 264 3757 Πάσχα
290 3677 429 3754 religiose
450 3677 621 3749 observent,
650 3681 687 3734 ut
708 3680 855 3752 appareat
874 3692 977 3733 eorum
998 3673 1139 3732 intimam
1162 3673 1263 3732 inten-

153 3770 267 3829 tionem
281 3790 344 3830 non
356 3790 422 3831 eam
436 3770 530 3830 fuisse
544 3777 580 3831 ut
600 3771 722 3847 abjecto
735 3770 843 3828 timore
857 3775 889 3827 et
908 3768 1048 3845 neglecto
1061 3767 1180 3845 jejunio
1199 3786 1264 3844 pro

154 3865 251 3942 prium
267 3865 325 3924 sibi
339 3867 560 3926 constituerent
575 3866 691 3944 Πάσχα,
706 3868 854 3943 ponentes
875 3861 1110 3923 fundamentum
1131 3860 1215 3920 aliud
1230 3880 1265 3918 ac

155 3957 235 4036 quod
249 3961 380 4038 positum
394 3966 450 4022 est.

220 4054 286 4114 199.
310 4053 358 4114 Sit
385 4054 530 4115 diaconus
559 4055 614 4132 qui
642 4054 813 4132 episcopum
837 4053 999 4113 comitetur
1026 4051 1107 4112 omni
1135 4056 1269 4127 tempore
