2814 4816
140 324 203 388 462
250 336 429 388 oneremur
451 334 622 384 wonsmr:
647 335 698 384 rrs
721 335 838 384 omem
861 334 930 384 sun
952 331 1160 382 nroeurrou.

141 501 174 554 et
201 493 239 552 de
266 494 332 572 ipsa
358 492 436 552 iacit
459 512 578 553 crucem
601 511 692 571 super
714 493 848 567 calicem,
871 493 999 554 dicendo
1022 498 1165 553 secreto:
1194 487 1263 549 riu

142 588 293 649 contrictio
313 596 341 647 et
361 588 535 647 comecrclio
556 594 589 646 et
609 589 737 664 reliqua.
780 589 901 649 Deinde
922 589 1087 649 confirmat
1110 585 1263 665 pontifex,

142 689 269 742 tenente
297 682 407 740 calicae
436 683 476 740 ab
503 681 724 742 archidiacono.
776 683 897 743 Deinde
923 685 1084 761 accipiunt
1111 681 1263 758 aepiscopi

143 777 193 835 vel
214 776 377 854 presbiteri
398 781 507 833 sancta
529 775 567 834 de
588 795 682 835 manu
704 777 857 854 pontificis
879 783 912 837 et
933 776 1057 836 vadunt
1078 777 1114 834 in
1139 775 1264 834 sinistre

143 878 232 951 parte
253 871 368 943 alteris,
390 875 422 929 et
442 876 563 946 ponunt
583 889 693 929 manus
714 891 782 929 cum
802 878 910 930 sancte
929 889 1022 949 super
1043 871 1150 930 altare
1170 869 1263 928 etsie

145 964 377 1026 communicent.
421 962 552 1033 Quando
578 964 730 1041 incipiunt
758 966 890 1042 episcopi
916 965 965 1024 vel
991 964 1165 1042 presbiteri
1191 982 1264 1021 com·

145 1060 308 1130 municare,
337 1063 412 1116 tunc
440 1057 527 1116 vadit
554 1057 786 1119 archidiaconus
813 1060 848 1118 in
874 1059 984 1119 dextra
1016 1065 1110 1137 perte
1148 1058 1261 1128 altaris

145 1163 232 1214 stans
250 1160 324 1212 ente
342 1173 411 1212 eum
430 1153 559 1212 acolitus
578 1173 646 1212 cum
663 1154 747 1214 sciffo
761 1156 869 1232 priore,
885 1164 917 1215 et
931 1154 1103 1213 adnunciat
1118 1154 1261 1222 stacione,

144 1256 177 1308 et
204 1247 394 1324 respendunt
420 1265 541 1305 omnes:
577 1245 642 1305 Deo
669 1247 794 1324 precius.
846 1247 888 1307 Et
917 1255 992 1308 tunc
1027 1247 1196 1326 perfundit
1228 1245 1263 1304 de

145 1343 257 1402 calices
279 1343 313 1400 in
334 1339 426 1400 sciffo.
471 1339 592 1399 Deinde
615 1341 669 1399 det
692 1342 815 1401 calicem
837 1342 877 1401 ad
901 1344 1076 1420 episcopum
1100 1343 1160 1420 qui
1184 1341 1263 1419 prins

148 1436 383 1496 communicavit
404 1440 437 1493 et
457 1434 545 1493 vadit
565 1435 604 1494 ad
625 1437 799 1512 pontificem
817 1443 850 1497 et
869 1439 981 1515 accipit
994 1445 1108 1496 sancta
1122 1437 1165 1496 de
1177 1453 1265 1495 mann

149 1534 253 1612 ipsius,
282 1531 422 1591 similiter
449 1537 482 1589 et
509 1531 564 1589 alii
591 1531 719 1590 diaconi.
770 1532 813 1590 Et
841 1531 959 1591 vadunt
985 1534 1020 1591 in
1042 1533 1162 1592 dextra
1183 1538 1267 1610 parto

150 1627 257 1686 alteris
279 1629 312 1683 et
334 1624 568 1686 communicant.
619 1623 740 1684 Deinde
764 1627 982 1686 confirmentur
1008 1626 1052 1684 ab
1079 1628 1266 1704 episcopos

149 1739 208 1799 quo
228 1724 261 1777 et
281 1716 444 1795 presbiteri
464 1717 635 1776 confirmati
659 1725 740 1776 sunt.
794 1719 915 1780 Deinde
939 1721 1152 1780 communicat
1175 1719 1266 1798 penti

151 1815 203 1874 fex
223 1812 408 1892 primicerios
428 1817 461 1870 et
481 1810 729 1875 secundicaeriee.
772 1812 893 1874 Deinde
911 1815 1020 1892 recipit
1034 1814 1267 1873 archidiaconus

151 1911 275 1970 calicem
297 1909 337 1966 ab
359 1907 508 1985 episcopo,
531 1913 563 1966 et
585 1907 710 1966 veniens
736 1909 948 1985 subdiaconus,
973 1909 1092 1969 hebens
1123 1911 1268 1970 coherio

154 2006 270 2064 minore
297 2004 331 2061 in
358 2021 452 2061 manu
480 2021 543 2073 sua,
572 2002 699 2080 expellit
726 2009 835 2062 sancta
862 2003 901 2062 de
923 2005 1044 2077 calices,
1065 2012 1101 2064 et
1125 2008 1217 2084 ponit
1235 2024 1268 2065 cs

154 2101 188 2159 in
214 2098 302 2158 fonte
328 2095 428 2173 priore
456 2095 539 2188 unde
566 2095 795 2157 archidiaconus
822 2098 914 2158 debet
941 2099 1124 2159 confirmare
1152 2099 1269 2178 populo,

155 2200 188 2252 et
216 2192 366 2252 devecuat
393 2189 516 2247 calicem
544 2189 774 2250 archidiaconus
801 2192 835 2250 in
861 2193 992 2253 secundo
1024 2192 1134 2265 calice,
1170 2201 1204 2253 et
1235 2192 1270 2252 de

156 2289 222 2365 ipso
249 2282 407 2362 perfundit
435 2283 587 2343 acolithus
613 2284 647 2342 in
673 2283 760 2345 fonte
786 2287 912 2362 prioree.
962 2287 1084 2348 Deinde
1114 2286 1271 2349 descendit

157 2381 297 2459 pontifex
319 2378 358 2437 ad
380 2377 661 2438 communicandum
681 2379 836 2457 populum,
854 2387 887 2440 et
908 2382 1018 2441 annuit
1038 2381 1271 2443 archidiaconns

158 2476 239 2535 scole
259 2481 295 2533 ut
315 2473 438 2532 dicatur
458 2472 629 2550 antiphona
649 2472 688 2531 ad
710 2476 958 2535 communionem.
999 2474 1044 2534 Et
1063 2475 1143 2536 dum
1162 2476 1272 2536 dixerit

158 2570 248 2641 secla,
270 2571 415 2644 repetunt
436 2564 614 2625 subdiaconi
634 2565 673 2625 de
692 2567 819 2627 sinistra
836 2574 926 2646 perte
944 2569 1077 2628 cancello
1093 2570 1185 2630 inire
1197 2569 1274 2628 thro

159 2682 241 2721 num.
285 2660 328 2718 Et
355 2659 428 2719 dum
456 2661 670 2718 communicati
697 2659 815 2720 fuerint
836 2663 969 2739 primati.
992 2663 1126 2736 tribuni,
1151 2664 1275 2725 comites

160 2763 193 2814 et
211 2753 329 2833 judices
351 2759 385 2813 et
406 2758 543 2812 caeteros
565 2772 640 2831 quos
662 2754 802 2828 voluerit,
827 2756 913 2816 vadit
937 2756 975 2816 de
998 2763 1087 2834 perte
1112 2758 1275 2819 mulierum

161 2849 242 2908 inire
269 2846 445 2918 cancellum,
473 2851 506 2905 et
534 2845 654 2906 diaconi
680 2854 751 2925 post
777 2850 886 2927 ipsum,
914 2850 1133 2911 confirmantes
1157 2851 1276 2930 popule.

163 2941 284 3002 Deinde
311 2940 433 3019 quando
456 2940 547 3018 jubet
579 2944 747 3002 revertitur
781 2944 820 3003 ad
854 2943 955 3003 sedem
987 2964 1082 3018 susm,
1121 2953 1158 3006 et
1191 2953 1278 3007 acme

163 3036 335 3098 sacerdotes
372 3035 412 3094 ad
450 3036 734 3096 communicandum
768 3039 818 3098 vel
852 3038 1091 3099 confirmandum
1131 3041 1277 3120 populum

163 3133 245 3192 infra
265 3129 488 3208 presbiterium.
531 3128 574 3188 Et
596 3131 721 3190 interim
743 3131 882 3210 pontifex
904 3133 991 3193 sedet
1009 3135 1045 3192 in
1065 3133 1140 3195 sede
1161 3156 1228 3209 sna,
1248 3142 1281 3195 et

165 3234 230 3287 stet
256 3232 330 3284 ente
358 3243 428 3283 eum
456 3223 584 3283 acolitus
612 3245 681 3284 cum
708 3233 817 3286 sancta
848 3234 968 3306 patene,
1004 3233 1037 3288 et
1070 3229 1207 3290 veniunt
1242 3229 1282 3289 ed

166 3340 235 3380 eum
262 3316 446 3388 subdiaconi,
472 3318 586 3376 notarii
609 3319 658 3379 vel
683 3320 855 3397 regionarii,
879 3327 912 3381 et
936 3323 1143 3383 communicat
1166 3343 1229 3398 ecs,
1251 3332 1284 3383 et

168 3411 389 3471 confirmantur
402 3427 422 3465 a
435 3407 571 3468 diacono.

229 3501 351 3562 Deinde
372 3507 459 3560 stant
481 3503 595 3562 notarii
617 3510 691 3562 ante
713 3523 782 3565 eum
803 3512 946 3567 tenentes
967 3507 1133 3570 calamario
1154 3517 1190 3571 et
1212 3511 1285 3572 dho

169 3621 252 3661 mum
279 3599 313 3657 in
339 3617 440 3670 menn,
469 3603 502 3656 et
529 3599 579 3657 cui
606 3599 738 3658 voluerit
770 3601 909 3678 pontifex
944 3602 1085 3677 invitare,
1119 3605 1215 3685 jubet
1248 3614 1286 3667 nt

169 3696 343 3754 scribentur
365 3693 489 3751 nomine
510 3693 653 3769 ipsorum.
700 3694 743 3753 Et
764 3694 954 3757 descendunt
976 3699 1088 3757 notarii
1112 3719 1134 3759 a
1157 3700 1233 3761 sede
1253 3710 1286 3761 et

170 3790 360 3850 adnunciant
372 3788 412 3847 ad
426 3788 506 3867 ipsos
520 3790 572 3867 qui
586 3790 693 3868 scripti
706 3797 788 3851 sunt.

233 3883 276 3940 Et
299 3882 421 3940 interim
441 3882 527 3940 venit
551 3882 689 3942 sacerdos
716 3889 749 3943 et
771 3886 973 3945 eommunicet
996 3886 1085 3959 scola
1114 3895 1152 3948 et
1179 3897 1288 3950 tenens

171 3983 299 4057 quartus
329 3976 446 4034 iontem
474 3977 508 4035 in
535 3996 637 4048 manu,
666 3978 746 4055 quod
771 3980 898 4061 impleta
919 3987 968 4040 eet
995 3980 1033 4039 de
1059 3980 1150 4042 sciffo
1180 3986 1289 4065 primo,
