2814 4816
262 386 325 451 108
377 401 554 452 oneremus
577 401 748 453 woesme:
771 402 823 452 us
844 401 961 452 onrern
980 401 1049 450 aun
1071 398 1268 449 svonunou.

261 549 434 633 specimen,
450 551 642 617 takenfrom
658 551 715 617 the
724 550 815 616 office
826 551 876 616 for
890 551 946 615 the
957 548 1037 633 vigil
1048 549 1084 613 of
1103 549 1160 614 the
1174 544 1376 633 Epiphany,¹

263 653 333 718 will
347 654 421 738 give
436 676 478 720 en
492 655 566 721 idee
582 656 618 722 of
637 657 693 721 the
708 655 929 722 combination
944 655 1085 721 referred
1100 662 1134 719 to
1146 678 1198 718 :-

316 821 505 879 Miraculorum
521 824 664 896 primordia
680 842 750 897 queo
768 825 891 881 dominus
909 831 1000 881 noster
1016 825 1097 880 Jesus
1115 823 1237 879 Christus
1254 822 1376 895 proferre

262 906 289 961 in
314 907 470 979 adsumptae
494 909 581 964 camis
604 910 723 965 novitate
754 910 879 980 dignatus
908 916 958 978 est,
980 911 1089 966 Fratres
1117 907 1258 975 karissimi,
1282 906 1376 963 debita

262 990 426 1045 exultatione
435 1008 609 1062 veneremur3
623 993 685 1065 quia
693 994 756 1048 dum
764 1013 792 1050 se
802 995 890 1050 Deum
899 994 1096 1050 intrahumana
1102 992 1204 1049 viscera
1214 991 1377 1065 proferebat,

258 1071 316 1142 jam
329 1073 362 1127 de
371 1073 462 1129 salutis
472 1082 578 1131 nostrus
590 1076 756 1133 absolutione
764 1079 904 1134 tractabat
941 1079 1031 1133 Homo
1041 1084 1082 1133 est
1093 1076 1184 1148 utique
1196 1076 1325 1131 inritatus
1337 1076 1374 1131 ad

264 1155 387 1226 nupties;
405 1163 433 1211 et
444 1157 515 1228 quod
527 1158 554 1213 in
566 1160 665 1231 nuptiis
677 1160 787 1233 protulit
801 1163 889 1217 Deum
907 1161 1038 1234 probavit.
1074 1159 1156 1230 Cujus
1168 1160 1310 1232 praeconia
1322 1178 1375 1216 nec

262 1242 331 1296 inter
351 1241 409 1312 ipse
428 1242 536 1314 quidem
558 1243 686 1299 virtutum
708 1264 848 1317 possumus
867 1245 1019 1300 rudimenta
1039 1244 1210 1316 depromerc3
1238 1244 1285 1299 scd
1307 1243 1373 1299 dum

261 1330 396 1379 tantarum
414 1343 503 1381 rerum
527 1329 704 1400 stupescimus
727 1330 845 1400 gloriam,
865 1329 1066 1385 temeritatem²
1084 1327 1259 1401 proferendae
1283 1327 1372 1381 laudis

262 1407 432 1478 ingredimur.
478 1411 579 1466 Humili
604 1429 667 1483 ergo
688 1414 808 1469 oratione
830 1430 970 1485 poscamus
993 1418 1025 1468 ut
1045 1430 1093 1484 per
1116 1413 1203 1484 ipsum
1226 1409 1261 1466 ad
1284 1411 1371 1465 vitum

262 1499 399 1547 aeternam
409 1493 486 1549 nobis
495 1494 626 1550 tribuatur
634 1496 774 1567 ingramus,
785 1497 860 1568 eujus
869 1495 1016 1551 nativitatis
1028 1494 1128 1550 lumine
1136 1494 1206 1550 orbis
1218 1493 1375 1549 inlustratus

262 1582 304 1629 est
315 1575 462 1632 universus.
498 1577 575 1644 Quod
592 1578 648 1650 ipse
665 1586 800 1652 praestare
811 1579 934 1652 dignetur
946 1579 991 1651 qui
1004 1580 1032 1635 in
1044 1580 1163 1635 trinitate
1175 1578 1293 1651 perlaeta
1305 1577 1375 1634 vivit

262 1663 291 1714 ct
301 1665 395 1731 regnat
403 1660 431 1716 in
442 1661 549 1717 saecula
560 1663 733 1721 saeculorum.

651 1963 806 2003 coeeeerlo
824 1963 974 2011 SEQUITUR.

314 2079 488 2151 Omnipotens
510 2085 538 2135 et
559 2079 707 2136 misericors
724 2081 805 2150 Deus,
827 2080 899 2153 plebi
919 2088 981 2136 tuae
1007 2080 1161 2152 suppliciter
1182 2081 1305 2136 exoranti
1327 2082 1373 2154 pia

263 2163 425 2234 benignitate
438 2164 576 2235 responde,
589 2181 668 2235 quem
678 2164 765 2219 cernis
782 2164 810 2218 in
828 2165 880 2220 hoe
892 2164 936 2220 die
948 2163 1020 2219 fidoli
1033 2163 1173 2220 devotione
1186 2163 1309 2235 gaudere,
1320 2182 1373 2236 quo

262 2247 385 2302 dominus
400 2265 433 2303 ae
451 2249 525 2303 Deus
547 2256 636 2304 noster
656 2266 720 2304 vere
738 2248 888 2304 humilitate
909 2254 1033 2320 suscepta
1052 2249 1090 2304 sic
1111 2248 1234 2303 servilem
1257 2249 1372 2304 sormam

263 2330 465 2388 misericorditer
477 2332 595 2388 ostendit
611 2331 639 2386 in
657 2332 763 2389 saeculo
777 2340 808 2389 ut
821 2333 940 2389 divinam
958 2331 1104 2404 potentiam
1123 2350 1198 2388 suam
1216 2332 1373 2389 mirabiliter

265 2420 425 2470 monstraret
442 2415 471 2470 in
483 2416 566 2472 eaelo.
602 2416 653 2479 Qui
672 2417 743 2471 enim
761 2434 810 2489 pro
829 2416 905 2472 nohis
923 2434 989 2489 puer
1008 2416 1133 2488 parvidus
1151 2416 1209 2483 fuit,
1221 2416 1277 2488 ipse
1290 2415 1325 2470 ad
1343 2433 1373 2472 se

263 2514 354 2568 magos
373 2500 460 2555 officio
483 2498 576 2555 stellae
598 2500 749 2571 praeeuntis
770 2500 891 2557 adduxit
932 2499 1109 2555 Obsecramus
1127 2499 1224 2570 itaque,
1244 2499 1369 2571 Domine,

263 2578 431 2635 elementiam
453 2588 536 2650 tuam,
555 2590 586 2638 ut
601 2585 670 2639 sicut
685 2583 737 2639 illis
753 2583 849 2640 dedisti
870 2584 1005 2640 Christum
1027 2589 1103 2638 tuum
1122 2599 1216 2638 verum
1234 2583 1322 2637 Deum
1342 2583 1371 2638 in

263 2681 327 2719 vere
343 2682 423 2720 earne
437 2683 606 2738 cognoscere,
624 2668 662 2722 sie
676 2685 770 2724 omnes
785 2667 879 2724 fideles
895 2675 956 2723 tuos
971 2684 1039 2738 quos
1057 2672 1177 2722 materno
1196 2666 1255 2721 sinu
1274 2672 1369 2722 sancta

264 2755 351 2820 gestet
363 2751 484 2806 Ecclesia
501 2752 528 2807 in
541 2751 673 2824 praesenti
686 2758 806 2824 tempore
824 2759 949 2824 proteges
960 2751 1077 2807 invictae
1090 2750 1195 2805 virtutis
1207 2749 1326 2805 auxilio³
1343 2755 1372 2805 et

260 2832 290 2887 in
302 2834 391 2889 futuro
403 2834 485 2890 facies
501 2836 576 2907 regni
592 2834 715 2892 caelestis
726 2836 838 2908 adipisci
855 2836 987 2892 munera⁴
1006 2834 1176 2907 sempiterna.
1213 2834 1266 2889 Per
1282 2833 1371 2905 ipsum

263 2915 400 2973 dominum
430 2924 550 2975 nostrum
580 2920 675 2976 Jesum
705 2919 840 2975 Christum
865 2919 948 2974 filium
974 2925 1058 2988 tuum,
1083 2917 1127 2989 qui
1154 2924 1244 2973 tecum
1274 2916 1372 2973 beatus

261 3003 336 3072 vivit,
346 3012 398 3061 etc.

328 3196 370 3258 In
400 3196 456 3261 the
486 3197 613 3262 Roman
642 3197 780 3282 Liturgy
805 3197 867 3263 few
896 3194 1098 3261 formularies
1128 3196 1164 3260 of
1192 3195 1259 3260 this
1288 3196 1370 3262 kind

261 3302 345 3365 heve
367 3301 449 3366 been
471 3302 650 3386 preserved.
710 3301 848 3386 Enough
871 3300 907 3366 ol
926 3300 1024 3379 them,
1046 3299 1204 3378 however,
1227 3300 1312 3365 exist
1334 3309 1368 3366 to

261 3405 376 3470 enehlc
402 3425 441 3469 us
464 3412 499 3471 to
528 3413 729 3471 reconstruet
758 3405 815 3471 the
844 3404 976 3470 ancient
1008 3424 1075 3470 use.
1128 3404 1306 3490 Iappend,
1332 3426 1368 3470 as

263 3531 304 3575 an
327 3509 483 3588 instance,
507 3509 563 3575 the
586 3509 761 3595 following,
782 3509 883 3576 taken
905 3508 988 3574 from
1010 3507 1067 3575 the
1088 3508 1214 3574 solemn
1238 3529 1370 3594 prsyers

260 3623 298 3689 of
311 3620 402 3687 Good
426 3620 570 3707 Fridey.⁶

312 3814 320 3845 ¹
338 3813 442 3865 Mesae
454 3814 594 3864 Gothicam.
628 3811 764 3873 Mnmteri,
775 3812 827 3863 Le.
840 3812 957 3864 Rectene
972 3810 1053 3871 Vasa,
1065 3811 1114 3862 vol.
1127 3812 1154 3861 ii.
1165 3826 1190 3875 p.
1202 3812 1258 3863 586.

311 3895 322 3924 ²
338 3893 395 3943 The
402 3891 507 3958 printed
518 3891 617 3942 edition
628 3890 677 3942 hae
687 3891 841 3942 termritctir.

311 3971 321 4002 ²
339 3970 371 4020 ln
383 3970 429 4020 the
439 3968 546 4035 printed
556 3967 663 4031 edition,
673 3969 809 4018 otacilium.

310 4047 319 4078 t
337 4045 370 4095 In
380 4045 427 4095 the
442 4042 548 4108 printed
563 4042 670 4103 edition,
678 4059 778 4094 munere
789 4044 943 4109 sempitemo.

312 4126 322 4155 ⁸
338 4123 465 4175 Gelasien
476 4121 629 4175 &crement
663 4121 799 4183 muratori,
809 4120 862 4171 Μ.
874 4122 943 4173 llom.
960 4119 1022 4181 Vct,
1032 4119 1081 4170 rol.
1094 4121 1109 4171 i
1122 4135 1146 4185 p.
1158 4121 1214 4173 560.
