2814 4816
220 343 286 408 254
333 355 509 406 eumerus
533 351 702 400 wonsurr:
726 350 777 398 rrs
800 349 913 398 orrens
938 349 1006 396 ann
1029 347 1222 397 nvoaumon.

274 512 386 571 Exultat
398 514 456 586 jam
476 511 596 585 angelica
610 511 689 567 turba
701 509 850 568 caeloruml
871 509 993 566 exrrltent
1008 508 1099 564 divina
1110 506 1254 579 mysterial
1291 507 1329 564 Et

220 616 268 672 pro
296 597 364 654 tanti
381 597 451 668 regis
480 596 593 651 victoria
620 595 687 650 tuba
710 595 815 650 intonet
837 592 975 649 salutaris!
1013 590 1156 647 Gaudeat¹
1187 596 1217 647 et
1245 589 1327 647 tellus

220 682 302 737 tantis
325 678 456 736 inradiata
484 677 641 748 ungentur,
660 683 688 733 et
711 675 814 733 aeterni
834 675 909 746 regni
938 672 1079 747 splendore
1102 673 1223 740 lucusta,
1244 673 1327 729 totius

220 763 293 821 orbis
320 779 349 818 se
381 761 479 818 sentiat
509 759 629 816 amisisse
661 758 817 830 caliginem!
861 758 991 813 Laetetur
1021 762 1049 812 et
1084 762 1171 811 meter
1204 755 1328 813 &alesia

219 847 288 904 tanti
316 845 424 901 luminis
453 844 581 900 mornata
611 842 720 915 fulgore,
751 849 780 898 et
808 840 912 912 magnis
941 839 1098 913 populorum
1122 839 1234 895 vocibus
1257 841 1328 897 haec

219 929 281 986 aula
293 927 416 985 resultet!

273 1013 446 1083 Quapropter,
471 1008 637 1064 adstantibus
660 1007 746 1078 vobis,
775 1007 884 1063 Fratres
911 1006 1049 1075 karissimi,
1080 1005 1115 1060 ad
1144 1010 1201 1060 tam
1230 1004 1326 1062 ωἱηω

218 1097 306 1154 sancti
324 1095 404 1165 hujus
424 1093 531 1149 luminis
553 1092 710 1161 claritatem,
730 1110 785 1148 une
805 1109 920 1160 mecum,
941 1109 1048 1163 quaeso,
1067 1091 1119 1147 Dei
1137 1092 1328 1163 omnipotentis

220 1176 427 1234 micerioordiam
447 1176 586 1247 invocate;
610 1183 641 1230 ut
661 1175 706 1247 qui
728 1192 771 1230 me
791 1192 847 1229 non
867 1175 934 1230 meis
954 1174 1055 1229 meritis
1075 1174 1145 1229 iutra
1165 1173 1328 1231 levitarum2

219 1278 359 1318 numerum
383 1259 508 1329 dignatus
532 1263 574 1314 est
596 1258 749 1329 adgregare,
773 1257 881 1312 luminis
901 1259 942 1314 sui
962 1258 1048 1330 gratia
1068 1257 1234 1325 infundente,
1254 1261 1327 1315 cerei

218 1344 298 1416 hujus
310 1342 417 1398 laudem
429 1339 540 1412 implere
556 1341 709 1413 praecipiat
745 1341 796 1396 Per
808 1348 989 1412 resurgentem
1001 1339 1086 1396 filium
1097 1359 1175 1397 suum
1187 1341 1324 1399 dominnm

217 1433 412 1497 nostrum,etc.

274 1513 385 1567 Sursum
397 1509 478 1567 corda
486 1511 570 1584 l-ly.
589 1509 728 1565 Habemus
739 1508 774 1566 ad
785 1508 946 1567 Dominum!

272 1594 381 1650 Gratias
409 1609 519 1664 agarum
548 1592 664 1648 Domino
701 1591 761 1648 Deo
796 1594 982 1663 nachot-lv.
1018 1593 1134 1666 Dignum
1168 1601 1196 1650 et
1220 1596 1325 1668 justum

273 1760 352 1827 Vere,
373 1759 435 1830 quia
455 1757 565 1829 dignum
586 1763 615 1812 et
631 1757 734 1828 justum
755 1762 798 1813 est
817 1757 978 1813 invisibilem
999 1759 1086 1814 Deum
1114 1759 1325 1830 omnipotentem

219 1843 334 1910 Patrem,
348 1840 497 1912 Filiumque
516 1841 574 1912 ejus
591 1841 766 1912 unigenitum,
785 1840 921 1895 dominum
937 1846 1057 1896 nostrum
1073 1842 1167 1896 lesum
1179 1842 1326 1910 Christum,

218 1933 276 1982 toto
298 1925 385 1982 cordis
405 1942 439 1980 ao
460 1926 557 1980 mentis
579 1924 677 1981 affectu
700 1932 729 1980 et
749 1924 824 1981 uocis
847 1925 993 1982 ministerio
1016 1944 1165 2000 personare.
1201 1927 1253 1992 Qui
1277 1945 1326 2000 pro

219 2008 296 2066 nobis
321 2015 430 2063 aeterno
454 2008 527 2063 Patri
552 2007 628 2064 Adae
652 2008 773 2064 debitum
796 2006 876 2062 solvit
896 2014 925 2063 et
942 2009 1040 2063 veteris
1057 2009 1154 2082 piaculi
1172 2011 1325 2066 cautionem

221 2092 266 2164 pio
288 2108 381 2146 cruore
404 2090 522 2146 detersit.
558 2091 635 2147 Haec
657 2097 719 2146 sunt
740 2091 812 2146 enim
833 2091 902 2147 festa
923 2091 1068 2159 Panchaia,
1082 2093 1109 2147 in
1129 2092 1226 2164 quibus
1245 2110 1327 2148 verus

217 2173 262 2230 ille
287 2175 381 2244 Agnus
404 2172 542 2242 occiditur,
565 2175 674 2243 ejusque
698 2175 805 2243 sanguis
828 2173 949 2245 postibus
972 2181 1149 2232 cousecratur.
1192 2175 1225 2229 In
1248 2177 1326 2246 qua³

219 2256 333 2329 primum
351 2262 442 2326 patres
460 2262 565 2310 nostros
581 2254 648 2310 filios
666 2255 768 2311 Israhel
786 2255 903 2311 educens
921 2256 954 2311 de
973 2258 1097 2330 Aegypto
1114 2258 1233 2314 Rubrum
1249 2277 1326 2316 mare

218 2338 290 2393 sicco
315 2336 428 2406 vestigio
451 2337 565 2414 ¹transire
588 2337 681 2394 fecisti
725 2339 801 2394 Haec
825 2339 905 2410 igitur
928 2356 984 2396 nox
1005 2348 1046 2396 est
1065 2358 1135 2413 quae
1152 2349 1324 2414 peccatorum

217 2421 341 2478 tenebras
365 2420 503 2476 columnae
528 2420 730 2477 inluminatione
751 2424 884 2494 purgavit.
930 2423 1005 2478 Haeo
1023 2441 1078 2480 nox
1096 2432 1138 2481 est
1154 2443 1225 2498 quae
1242 2426 1325 2481 bodie

218 2524 267 2579 per
283 2507 436 2562 universum
455 2506 584 2562 mundum
601 2507 629 2561 in
648 2507 754 2563 Christo
772 2508 918 2579 credentes,
937 2527 954 2564 a
972 2510 1043 2566 vitiis
1061 2511 1160 2568 saeculi
1171 2520 1326 2584 segregatos

218 2595 248 2645 et
266 2589 379 2660 cahgiue
398 2595 574 2661 peecatorum,
594 2589 682 2646 reddit
700 2591 809 2661 gratiae,
829 2592 914 2648 sociat
929 2593 1072 2649 sanctitati.
1108 2595 1184 2650 Haec
1201 2612 1257 2650 nox
1273 2603 1326 2666 est,

219 2676 246 2730 iu
276 2692 331 2747 qua
354 2674 495 2729 destructis
518 2673 630 2729 vinculis
654 2675 747 2730 mortis
771 2675 891 2731 Christus
913 2675 948 2731 ab
972 2676 1063 2732 inferis
1086 2676 1171 2734 victor
1194 2677 1327 2735 ascendit.

218 2756 293 2813 Nihil
304 2756 376 2811 enim
388 2756 461 2811 nesci
473 2756 572 2828 profuit
582 2756 633 2811 nisi
646 2756 738 2812 redimi
750 2757 898 2829 profuisset

272 2841 295 2897 Ο
320 2841 387 2895 mira
410 2840 480 2896 cirea
504 2858 553 2897 nos
578 2847 639 2897 tuae
663 2842 770 2913 pietatis
787 2842 922 2914 dignatio!
958 2844 981 2900 0
999 2845 1199 2902 inaestimabilis
1216 2845 1327 2904 dilectio

219 2925 352 2982 caritatisl
388 2925 429 2980 Ut
446 2942 553 2980 servum
570 2925 715 2981 redimeres
732 2925 816 2980 lilium
834 2927 980 2984 tradidisti!
1016 2928 1040 2984 0
1056 2935 1128 2985 certe
1144 2930 1325 2986 necessarium

219 3011 295 3066 Adae
317 3015 466 3081 peccatum,
479 3008 551 3079 quod
572 3008 670 3064 Christi
692 3016 778 3063 morte
796 3008 913 3065 deletum
931 3012 987 3067 esti
1025 3011 1048 3067 0
1066 3010 1129 3068 felix
1148 3011 1235 3084 culpa,
1254 3029 1327 3084 quae

219 3094 301 3151 talem
318 3109 351 3147 ae
367 3097 475 3146 tantum
492 3091 591 3146 meruit
608 3091 706 3147 habere
724 3090 936 3163 redemptorem!
972 3093 996 3149 Ο
1014 3093 1093 3149 beata
1109 3111 1173 3161 nox,
1185 3111 1254 3166 quae
1267 3094 1325 3151 sola

219 3176 319 3232 meruit
342 3176 409 3230 scire
434 3183 541 3245 tempus
564 3181 592 3228 et
615 3174 717 3243 horam,
738 3175 839 3245 inqua
860 3175 980 3230 Christus
1000 3176 1035 3232 ab
1055 3176 1145 3232 inseris
1165 3179 1328 3235 resurrexitl

220 3263 297 3316 Haeo
318 3277 373 3314 nox
395 3265 437 3314 est
455 3258 488 3313 de
509 3274 561 3328 qua
578 3257 781 3330 scriptumest:
806 3259 844 3313 m
862 3278 916 3314 noc
933 3263 1003 3315 aiant
1022 3263 1079 3316 dier
1099 3262 1325 3330 inluminabitur,

219 3348 257 3401 Et
280 3364 334 3400 noa
358 3345 538 3398 inluminatio
562 3361 621 3398 mea
645 3345 676 3396 in
700 3342 802 3397 dals'ciie
825 3346 897 3398 mele.
942 3344 1029 3415 Hujus
1050 3345 1130 3417 igitur
1150 3345 1327 3402 sanctificatio

268 3612 276 3642 ¹
293 3608 351 3658 The
372 3607 446 3657 three
467 3605 590 3656 Gallican
612 3606 830 3657 Sacramenterics
858 3606 941 3659 have:
965 3607 1082 3658 (laudm
1107 3623 1132 3659 ae
1152 3610 1231 3661 tantm
1251 3610 1326 3662 illine

214 3687 360 3739 inradiata.

268 3766 278 3794 ²
295 3764 464 3824 Sacerdotem,
476 3764 504 3814 iu
521 3763 567 3814 the
584 3763 654 3814 Mica.
674 3763 745 3815 eom.
778 3764 844 3815 'l'his
860 3765 884 3815 is
899 3781 916 3815 a
934 3766 1038 3816 variant
1057 3764 1144 3816 which
1159 3764 1275 3830 dependo
1292 3781 1326 3816 on

217 3841 264 3893 the
275 3841 395 3907 question
405 3839 522 3891 whether
533 3839 579 3890 the
589 3840 732 3904 officiating
742 3841 860 3892 minister
871 3842 895 3891 is
905 3856 921 3892 a
931 3842 1013 3905 priest
1022 3858 1051 3892 or
1061 3857 1077 3891 a
1088 3842 1186 3907 bishop.

266 3918 276 3946 ⁸
293 3917 360 3967 This
375 3931 498 3981 pronaum
508 3915 564 3966 lilse
581 3916 627 3966 the
644 3916 706 3967 verb
717 3918 813 3983 saciati,
830 3922 859 3968 at
875 3918 922 3969 the
940 3917 993 3968 end
1009 3919 1039 3968 oi
1055 3919 1102 3969 the
1118 3923 1247 3980 sentence,
1263 3918 1326 3971 doce

217 3997 263 4043 not
274 3993 322 4042 lall
333 3994 361 4042 in
372 3993 454 4057 easily
466 3992 530 4042 with
542 3991 612 4043 what
623 3992 728 4043 follows.
761 3993 915 4060 Something
929 4000 998 4047 must
1013 3995 1081 4048 have
1092 3996 1172 4046 fallen
1186 4001 1240 4056 out,
1251 4012 1280 4047 aa
1297 3998 1326 4047 in

218 4072 264 4121 the
275 4085 334 4121 case
344 4070 373 4120 oi
382 4069 428 4120 the
439 4070 521 4120 words
532 4069 606 4120 Nihil
617 4071 691 4131 mim,
702 4085 718 4119 a
729 4070 799 4121 little
810 4071 887 4122 lower
898 4071 979 4123 down.
