2806 4822
142 385 206 454 520
251 405 430 456 demerim
452 405 621 457 woesmr:
645 406 697 456 ms
719 406 836 457 omem
859 402 930 456 arn
953 400 1167 455 trecenos.

143 565 235 623 etiam
258 571 290 624 et
312 566 350 626 de
372 567 600 642 resurrectione,
623 567 764 626 similiter
786 573 819 626 et
841 566 958 626 deiide
982 565 1094 626 omnia
1116 563 1267 623 docentur

142 676 196 736 per
207 659 273 719 illos
287 660 361 721 dies.
404 661 474 721 Hoc
487 667 590 721 autem
604 660 762 721 cathecisis
775 660 957 738 appellatur.

454 1069 481 1127 3.
506 1073 524 1103 “
537 1065 692 1127 Traditio”
711 1067 748 1145 os
762 1067 808 1127 tlte
829 1065 927 1129 Oreed.

204 1249 307 1309 Etiam
342 1250 464 1328 quando
500 1251 667 1330 completae
698 1250 816 1311 fuerint
849 1251 1038 1329 septimanae
1073 1248 1216 1327 quinque
1242 1268 1261 1305 a

142 1361 202 1421 quo
243 1343 400 1414 docentur,
445 1351 521 1404 tunc
568 1346 718 1424 accipient
765 1346 932 1405 simbolum.
997 1344 1099 1421 Cujus
1137 1342 1259 1401 simboli

142 1438 299 1510 rationem,
322 1439 460 1498 similiter
484 1440 618 1499 omnium
641 1438 866 1518 Scripturarum
890 1438 1010 1498 ratione
1037 1444 1179 1515 exponet
1206 1437 1256 1508 eia,

141 1530 329 1607 singulorum
349 1551 520 1591 sermonum
546 1533 678 1610 primmn
705 1534 877 1605 carnaliter,
900 1538 933 1592 et
956 1533 999 1591 sic
1027 1529 1238 1609 spiritualiter
1250 1549 1258 1602 ς

140 1625 186 1683 ita
199 1630 232 1682 et
246 1625 404 1684 simbolum
425 1633 563 1704 exponet.
607 1627 656 1686 Ac
677 1628 719 1687 sic
740 1634 787 1686 est
811 1633 847 1686 ut
865 1627 898 1686 in
916 1625 1033 1685 hisdem
1056 1624 1132 1684 locis
1153 1643 1258 1684 omnes

140 1718 244 1777 fideles
266 1726 433 1797 sequantur
457 1721 630 1800 Scripturas
652 1721 776 1799 quando
797 1721 941 1798 leguntur
962 1721 997 1779 in
1017 1719 1159 1792 ecclesia,
1184 1720 1256 1797 quia

140 1830 242 1871 omnes
255 1811 406 1872 docentur
418 1833 474 1891 per
488 1816 556 1874 illos
569 1814 634 1874 dies
655 1815 867 1893 quadraginta,
889 1813 920 1873 id
941 1819 989 1873 est
1008 1813 1049 1871 ab
1063 1812 1144 1872 hora
1157 1814 1256 1889 prima

140 1924 235 1983 usque
256 1907 295 1965 ad
315 1907 421 1966 horam
442 1911 575 1983 tertiam,
591 1912 733 1988 quoniam
755 1930 809 1988 per
829 1917 892 1968 tres
912 1909 1002 1968 horas
1021 1908 1060 1966 fit
1080 1907 1254 1966 cathecisis

142 1999 227 2058 Deus
248 2007 349 2060 autem
372 2003 439 2076 scit,
462 2002 601 2063 dominae
619 2024 742 2077 sorores,
758 2005 899 2082 quoniam
919 2004 1049 2079 majores
1067 2020 1161 2061 voces
1182 2011 1257 2060 sunt

140 2098 283 2172 fidelium,
310 2103 362 2179 qui
388 2102 427 2160 ad
449 2101 632 2161 audiendum
658 2103 780 2161 intrant
802 2103 835 2161 in
859 2101 1031 2162 cathecisen
1055 2099 1095 2159 ad
1116 2119 1156 2158 aa
1176 2118 1256 2178 quae

141 2194 285 2254 dicuntur
312 2197 360 2255 vel
382 2204 575 2275 exponuntur
603 2217 657 2275 per
684 2199 864 2275 episcopum,
893 2216 983 2275 quam
1011 2194 1137 2273 quando
1170 2193 1257 2253 sedet

140 2294 173 2346 et
199 2289 355 2366 praedicat
382 2291 416 2348 in
442 2290 575 2362 ecclesia,
605 2290 645 2348 ad
672 2291 793 2368 singula
814 2309 891 2367 quae
914 2289 1020 2348 taliter
1042 2294 1255 2365 exponuntur.

141 2382 238 2440 Missa
270 2395 369 2442 autem
403 2384 487 2442 facta
521 2384 680 2443 cathecisis
715 2384 791 2442 hora
818 2385 880 2460 jam
909 2382 1013 2450 tertia,
1041 2382 1154 2440 statim
1183 2383 1257 2442 inde

140 2497 209 2535 cum
236 2479 335 2554 ymnis
366 2478 491 2537 ducitur
525 2479 681 2557 episcopus
715 2479 754 2536 ed
789 2479 949 2548 Anastase,
980 2482 1013 2534 et
1040 2475 1078 2534 fit
1098 2477 1197 2535 misse
1217 2477 1258 2536 ad

140 2573 253 2644 tertia3
286 2594 321 2630 ac
348 2574 391 2631 sic
418 2575 517 2632 tribus
544 2573 627 2632 horis
656 2574 803 2632 docentur
830 2571 870 2631 ad
900 2571 949 2630 die
976 2590 1031 2648 per
1064 2573 1259 2648 septimanas

141 2673 264 2742 septem.
319 2666 437 2725 Octava
471 2669 551 2727 enim
582 2669 753 2745 septimana
793 2665 1107 2743 Quadragesimarum‚
1140 2665 1175 2724 id
1210 2675 1259 2725 est

141 2779 218 2838 quae
250 2761 419 2837 appellatur
454 2763 625 2838 septimana
658 2762 765 2838 major,
792 2762 854 2838 jam
882 2766 972 2818 vacat
999 2779 1050 2818 eos
1079 2759 1185 2820 doceri
1220 2769 1259 2821 ut

141 2857 325 2933 impleantur
340 2875 375 2914 ea
389 2875 466 2933 quae
480 2857 617 2933 superius
632 2861 712 2914 sunt.

350 3265 378 3322 4.
401 3269 419 3297 “
431 3260 595 3323 Redditio”
615 3256 808 3340 [Recitator]
830 3257 866 3335 of
878 3257 923 3318 tte
945 3255 1046 3318 Oreed.

203 3454 279 3515 Cum
302 3461 403 3512 autem
421 3455 484 3529 jam
505 3453 685 3512 transierint
706 3457 822 3529 septem
842 3452 1035 3528 septimanae,
1052 3459 1181 3527 superat
1202 3454 1259 3514 illa

142 3567 204 3607 una
228 3549 398 3625 septimana
420 3548 570 3625 paschalis
594 3567 684 3624 quam
708 3547 758 3605 hic
779 3545 933 3622 appellant
954 3545 1124 3620 septimana
1145 3548 1257 3623 major.

141 3643 163 3703 J
165 3663 213 3700 am
228 3649 302 3701 tunc
312 3645 397 3701 venit
411 3645 564 3720 episcopus
579 3662 667 3700 mane
681 3642 714 3698 in
728 3641 854 3700 ecclesia
867 3640 980 3714 majore
993 3638 1033 3697 ad
1045 3638 1238 3717 Martyrium
1249 3667 1259 3720 3

141 3746 224 3796 rotro
252 3740 285 3796 in
312 3738 418 3795 absida
446 3745 514 3815 post
543 3737 686 3795 altarium
710 3737 836 3812 ponitur
860 3733 1005 3793 cathedra
1040 3736 1192 3814 episcopo,
1223 3748 1259 3800 et

141 3833 185 3890 ibi
205 3853 284 3891 unus
305 3839 336 3890 et
363 3853 443 3890 unus
464 3831 564 3902 vadet,
588 3832 647 3889 viri
674 3850 742 3888 cum
770 3836 858 3908 patre
885 3848 948 3900 suo,
969 3835 1025 3886 aut
1051 3829 1164 3889 mulier
1185 3853 1257 3894 cum

140 3933 239 3985 matre
260 3946 322 3998 sua,
345 3934 377 3984 et
397 3924 505 3984 reddet
525 3925 685 3984 simbolum
706 3926 851 4002 episcopo.
892 3921 1028 3981 Reddite
1054 3930 1161 3983 autem
1182 3928 1257 3987 sim.

141 4021 210 4079 bolo
230 4021 375 4097 episcopo,
398 4021 562 4097 alloquitur
587 4039 690 4078 omnes
711 4020 877 4097 episcopus,
898 4023 930 4075 et
950 4015 1049 4077 dicet:
1067 4017 1157 4079 “Per
1178 4022 1257 4082 istas

141 4120 256 4192 septem
289 4115 472 4192 septimanas
497 4114 594 4191 legem
624 4133 742 4174 omnem
770 4112 870 4172 edocti
896 4111 969 4171 estis
998 4109 1259 4192 scripturarum
