2814 4816
608 403 782 461 irruerunt.
1189 392 1252 459 523

142 564 216 646 quid
230 568 338 646 plurai
365 577 456 647 putet
468 590 501 630 se
513 573 678 631 maximum
698 578 855 651 peccatum
877 573 1048 645 incurrisse,
1063 573 1115 650 qui
1138 574 1172 630 in
1192 572 1252 631 his·

142 661 212 721 dem
229 664 336 724 diebus
353 671 459 724 tentae
473 666 671 725 sollemnitati
684 667 767 726 inter
786 686 849 726 non
869 666 985 741 fuerit3
1004 667 1031 725 si
1050 672 1155 725 temen
1165 667 1252 725 nulle

143 759 305 817 necessitas
315 762 468 819 contraria
476 760 578 832 fuerit,
595 779 654 839 que
667 760 819 821 hominem
833 781 852 818 a
865 761 945 820 bono
958 761 1112 839 proposito
1126 761 1240 819 retinet

144 851 205 911 His
226 873 297 931 ergo
317 854 422 914 diebus
443 856 647 914 Enceniorum
670 857 736 933 ipse
756 861 884 914 ornatus
904 856 1038 914 omnium
1057 855 1250 914 ecclesiarum

143 952 191 1005 est
204 948 302 1024 quiet
316 968 370 1027 per
383 949 499 1009 Pascha
512 949 561 1008 vel
574 968 629 1027 per
644 949 835 1027 Epiphania3
856 954 889 1009 et
906 950 952 1007 itu
969 967 1024 1027 per
1037 948 1173 1025 singulos
1186 948 1252 1008 dics

144 1038 271 1100 dirersis
291 1043 364 1101 locis
387 1043 502 1101 eunctis
525 1043 701 1121 proceditur
723 1049 760 1101 ut
777 1062 832 1120 per
854 1041 973 1101 Pascha
996 1042 1045 1102 vel
1069 1041 1250 1120 Epiphanio.

144 1133 227 1192 Num
245 1135 343 1212 prime
364 1143 397 1195 et
418 1135 551 1196 secunde
572 1137 622 1197 die
642 1138 677 1195 in
698 1136 826 1196 ecclesio
843 1137 958 1213 majore
979 1155 1058 1215 quae
1080 1136 1253 1214 appelletur

144 1227 330 1305 Martyrium
358 1231 540 1307 proceditur.
584 1231 665 1289 Item
689 1231 785 1289 tertis
811 1230 862 1290 die
883 1231 916 1289 in
944 1231 1068 1303 Eleous,
1095 1229 1196 1289 idest
1219 1232 1253 1289 in

144 1322 270 1380 ecclesio
286 1342 347 1400 qua
360 1329 407 1382 est
427 1325 461 1381 in
477 1325 543 1401 ipso
556 1330 659 1383 monte
673 1344 692 1382 e
710 1341 772 1399 quo
791 1324 929 1383 escendit
944 1324 1093 1382 Dominus
1112 1323 1146 1382 in
1162 1325 1253 1382 caelis

144 1423 214 1491 post
224 1418 403 1492 passionem,
417 1418 502 1475 intro
515 1437 575 1494 qua
583 1417 709 1476 ecclesia
722 1423 770 1476 est
784 1417 927 1493 spelunca
941 1417 994 1475 illu
1005 1417 1036 1474 in
1050 1436 1112 1494 que
1125 1415 1253 1476 docebat

147 1509 298 1570 Dominus
313 1511 512 1589 apostolocin
528 1518 632 1571 monto
646 1511 771 1575 Oliveti.
813 1512 932 1582 Quarta
942 1519 1045 1570 eutem
1060 1510 1118 1572 die.

268 1618 285 1650 «Ι
407 1619 424 1651 ¹}
547 1619 563 1651 1
693 1620 710 1654 0
833 1619 850 1651 Ἰ
974 1616 992 1652 1
1114 1619 1131 1651 ¹}
