2814 4816
606 454 781 506 munusue
1185 436 1249 501 539

143 617 313 690 vacentque
337 614 476 686 orationi,
499 615 623 692 psalmis
644 622 677 675 et
696 616 819 677 lectioni
836 617 1055 695 scripturarum
1074 635 1142 674 cum
1156 613 1250 673 orati·

142 706 261 778 onibus,
275 706 438 767 secundum
452 709 630 769 mandatum
643 710 865 787 apostolorum:
889 711 999 770 “Dum
1013 711 1104 769 venio
1124 706 1251 768 attende

142 800 403 865 lectioni.’'—218.
427 804 475 862 De
492 805 586 884 κλήρῳ
594 812 696 864 autem
713 807 766 883 qui
783 807 943 865 convenire
968 805 1128 882 negligunt
1150 820 1249 879 neque

143 896 248 955 morbo
268 915 365 974 neque
385 897 496 957 itinere
513 899 659 976 impediti,
676 900 976 977 separentur-219.
1000 899 1151 969 Ceterum,
1167 895 1249 975 quod

145 991 185 1050 ad
212 992 345 1050 infirmos
371 993 515 1068 pertinet,
541 994 690 1053 medicina
717 995 790 1071 ipsis
817 996 850 1052 in
877 1013 913 1053 eo
936 995 1035 1071 posita
1062 998 1110 1051 est
1137 998 1174 1050 ut
1196 990 1255 1049 ire-

143 1092 295 1163 quentent
313 1087 477 1158 ecclesiam,
494 1093 531 1146 ut
552 1088 697 1148 fruantur
714 1090 860 1162 oratione,
879 1095 1005 1166 excepto
1023 1106 1059 1146 eo
1080 1087 1132 1165 qui
1150 1086 1254 1144 morbo

143 1181 310 1257 periculoso
324 1180 461 1256 laborat3
483 1182 553 1242 talis
567 1203 586 1241 a
600 1183 694 1262 κλήρῳ
707 1184 851 1242 visitetur
865 1182 1011 1261 quotidie,
1026 1181 1079 1260 qui
1093 1181 1252 1239 certiorem

144 1274 279 1333 reddunt
292 1294 369 1335 eum.

207 1369 274 1426 220.
299 1366 429 1439 Quando
462 1388 534 1430 vero
563 1371 626 1446 jam
658 1369 785 1429 advenit
812 1371 919 1428 mortis
948 1368 1023 1428 hora
1051 1368 1165 1426 infirmi
1192 1387 1254 1425 non

144 1468 337 1539 exponantur
350 1469 388 1521 ut
409 1462 443 1522 in
463 1464 630 1543 κοιμητηρίῳ
643 1463 805 1538 dormiant,
818 1463 872 1523 sed
890 1461 971 1540 apud
985 1461 1252 1540 pauperes-221.

146 1558 207 1629 Qui
234 1564 337 1617 autem
364 1558 517 1636 propriam
545 1557 665 1617 domum
693 1559 796 1632 habet,
821 1557 944 1637 quando
980 1558 1162 1630 infirmatur,
1192 1577 1255 1617 non

145 1650 351 1710 transferatur
368 1652 402 1709 in
420 1649 542 1709 domum
560 1649 627 1724 Dei,
642 1652 694 1712 sed
712 1659 780 1711 oret
798 1651 1013 1711 tantummodo
1022 1671 1031 1725 ;
1054 1657 1129 1710 tunc
1150 1651 1256 1712 redeat

145 1748 179 1807 in
193 1746 313 1806 domum
338 1746 545 1806 suam-222.
569 1745 749 1806 Procurator
768 1748 819 1808 ille
838 1755 886 1807 est
902 1748 952 1807 cui
974 1767 1047 1805 cura
1069 1746 1255 1805 infirmorum

147 1841 356 1901 committitur.
400 1840 567 1919 Episcopus
589 1847 693 1900 autem
710 1843 848 1901 enutriat
869 1843 946 1914 illos,
968 1846 1002 1900 et
1021 1840 1142 1917 singula
1162 1858 1258 1918 usque

148 1934 188 1994 ad
202 1955 276 1993 vasa
289 1934 406 2008 fictilia,
420 1934 534 2013 quibus
548 1953 624 2011 opus
637 1941 684 1993 est
699 1935 834 2008 infirmis,
850 1935 1041 2013 procuratori
1054 1933 1169 1993 tradat.

211 2030 279 2092 223.
301 2028 414 2088 Omnes
427 2029 480 2109 qui
494 2027 533 2087 ad
547 2027 683 2088 ordinem
696 2028 930 2089 christianorum
944 2030 1110 2108 pertinent,
1125 2028 1256 2106 primum

148 2142 184 2183 eo
197 2129 331 2200 tempore
344 2127 506 2201 orentque
520 2142 540 2181 a
557 2142 662 2182 somno
678 2130 809 2201 surgunt
829 2124 1105 2183 matutino-224.
1127 2120 1256 2193 Quando

148 2223 251 2276 autem
273 2235 359 2277 orare
391 2217 508 2289 volunt,
537 2236 646 2276 manus
673 2217 898 2281 lavent—225.
926 2217 1014 2277 Idem
1040 2216 1158 2276 faciant
1184 2224 1257 2276 ante

147 2309 267 2387 singula
279 2329 416 2388 quaeque
428 2329 526 2388 opera.
551 2355 558 2371 .
582 2355 620 2372 ..

213 2404 281 2464 226.
307 2404 340 2462 Si
354 2411 401 2463 est
417 2405 452 2463 in
465 2406 591 2465 ecclesia
604 2411 772 2466 conventus
786 2411 910 2483 propter
923 2405 1048 2464 verbum
1064 2404 1133 2478 Dei,
1148 2403 1261 2482 singuli

149 2498 260 2576 quique
287 2517 356 2558 cum
382 2498 580 2559 festinatione
606 2505 770 2577 properent
797 2507 833 2557 ut
860 2497 899 2556 ad
926 2497 1003 2557 illud
1028 2504 1259 2577 congregentur,

149 2593 307 2670 sciantque
332 2592 429 2652 multo
451 2594 547 2671 magis
570 2611 635 2652 esse
656 2592 717 2651 illis
737 2591 909 2669 eligendum
928 2598 965 2651 ut
984 2591 1112 2652 audiant
1131 2592 1259 2651 verbum

152 2685 213 2745 Dei
239 2706 329 2764 quam
356 2694 393 2746 ut
419 2686 564 2746 fruantur
591 2687 673 2746 omni
699 2686 857 2763 splendore
884 2687 976 2762 hujus
1003 2686 1118 2759 mundi,
1145 2694 1178 2745 et
1204 2687 1261 2746 hoc

151 2781 209 2840 sibi
236 2799 379 2856 magnum
408 2780 551 2840 damnum
579 2800 644 2839 esse
667 2787 839 2853 numerent,
863 2781 890 2839 si
914 2781 1077 2858 aliquando
1097 2782 1262 2840 necessitas

150 2894 200 2935 eos
219 2875 347 2952 impedit
365 2876 523 2952 quominus
537 2874 665 2933 audiant
680 2875 806 2933 verbum
823 2874 998 2934 Det—227.
1022 2874 1175 2934 Studeant
1188 2894 1261 2933 vero

151 2975 188 3028 ut
212 2987 301 3046 saepe
325 2968 454 3045 negotiis
476 2967 611 3046 expediti
634 2969 668 3027 in
690 2968 846 3027 ecclesiam
868 2970 1058 3042 conveniant,
1079 2969 1260 3047 fortiterque

150 3063 254 3123 odium
274 3062 389 3121 inimici
410 3061 573 3139 expellant,
590 3063 738 3140 imprimis
756 3063 783 3121 si
801 3063 910 3141 aliquis
928 3063 1033 3122 literas
1052 3062 1260 3122 novit-228.

150 3158 251 3217 Tanto
276 3157 345 3235 plus
374 3157 544 3216 lucrabitur
571 3158 598 3215 si
625 3155 713 3216 audit
741 3156 820 3234 quod
842 3176 904 3216 non
931 3165 1066 3216 noverat.
1111 3157 1261 3215 Dominus

151 3253 231 3312 enim
253 3251 340 3311 adest
364 3253 397 3310 in
413 3252 477 3311 loco
494 3253 546 3310 ubi
563 3252 733 3328 majestatie
753 3252 895 3311 memoria
913 3253 1025 3329 agitur,
1047 3252 1263 3330 descenditque

152 3347 284 3425 Spiritus
298 3347 331 3404 in
344 3352 542 3423 congregatos
555 3346 745 3423 gratiamque
758 3366 844 3405 suam
857 3345 989 3405 effundit
1006 3367 1096 3425 super
1109 3368 1263 3407 omnes-

154 3442 221 3500 229.
251 3441 311 3512 Qui
338 3448 442 3500 autern
470 3448 518 3500 est
545 3438 674 3518 duplicis
701 3441 800 3500 cordis
826 3440 916 3500 homo
943 3442 1025 3500 inter
1052 3462 1111 3514 eos,
1140 3442 1174 3500 in
1202 3442 1263 3501 illis

153 3537 323 3613 requiescit,
352 3536 424 3614 quia
450 3534 566 3594 audisti
593 3535 631 3594 de
658 3534 778 3594 illorum
803 3536 1023 3595 constitutione
1046 3537 1079 3594 in
1101 3536 1264 3613 spiritu.—

155 3630 223 3689 230.
253 3629 314 3700 Qui
342 3636 445 3688 autem
474 3628 555 3688 domi
582 3636 809 3689 commoventur
836 3650 855 3688 a
881 3629 1008 3704 ratione,
1038 3629 1070 3689 id
1097 3649 1160 3688 non
1185 3650 1263 3691 asse-

153 3730 290 3803 quuntur
324 3722 404 3802 quod
438 3724 471 3782 in
505 3722 631 3783 eeclesia
658 3723 910 3784 audiunt-231.
940 3724 1022 3801 Ergo
1056 3726 1262 3803 unusquisque

156 3837 272 3878 summo
290 3818 392 3877 studio
409 3816 576 3876 contendat
591 3823 628 3876 ut
644 3817 800 3877 eeclesiam
815 3817 990 3897 frequentet
1005 3818 1144 3877 omnibus
1158 3818 1265 3879 diebus

156 3912 266 3990 quibus
287 3912 368 3971 fiunt
388 3911 661 3971 orationes-232.
690 3910 885 3990 Quocumque
911 3912 962 3972 die
988 3912 1023 3972 in
1048 3912 1175 3972 ecclesia
1202 3933 1263 3972 non

155 4012 246 4066 orant
264 4024 365 4063 sumas
386 4004 576 4083 Scripturam
599 4011 636 4064 ut
660 4004 742 4082 legas
764 4005 798 4062 in
821 4024 867 4067 ea.
910 4004 961 4063 Sol
983 4005 1148 4082 conspiciat
1165 4013 1264 4066 matu·

157 4103 224 4161 tino
244 4106 379 4178 tempore
400 4099 589 4177 scripturam
610 4118 700 4178 super
721 4119 822 4177 genua
840 4100 1015 4162 tua—233.
1042 4099 1140 4160 Orent
1160 4107 1263 4161 autem
