2814 4816
445 358 511 408 rme
533 357 699 408 osmrcm
721 357 815 408 uses.
1124 343 1188 409 223

79 514 121 579 he
143 512 325 599 employed,
340 534 375 577 ee
397 511 539 577 accestul
562 513 605 595 by
622 512 668 578 Si.
686 511 844 577 Cumanus
865 512 902 576 oi
919 510 1043 589 Aries,1
1066 513 1095 578 is
1119 513 1192 578 still

80 615 159 681 used
193 617 228 680 in
257 616 314 681 ihc
343 614 528 705 Menambic
556 615 636 680 rite:
666 612 848 680 Hunc-ilicis
877 637 929 680 vos
958 616 1189 681 benedictioni!

81 719 158 784 This
173 720 201 785 is
217 720 273 786 the
284 725 492 804 counierpem
506 719 542 782 of
554 718 610 785 the
626 718 733 785 Greek
747 717 946 804 formulnry:
969 720 1035 796 Τὰς
1050 719 1191 807 κεφαλὰς

82 822 170 904 ἡμῶν
187 825 238 908 Τῷ
255 826 363 909 Κυρίῳ
374 821 550 906 κλίνωμενῐ
584 821 681 887 After
691 821 749 888 the
760 821 910 907 ordinary
920 821 1121 901 salutatico?
1134 823 1193 888 ihe

81 923 195 1008 biehop
217 946 417 1010 pronouncee
439 946 459 991 s
483 924 627 1010 bleseing
647 926 684 990 in
706 926 832 992 several
854 933 1033 1006 sentences,
1056 934 1091 993 to
1109 926 1190 995 eech

82 1026 118 1092 oi
129 1027 236 1094 which
255 1029 312 1097 the
326 1031 553 1117 congregation
568 1030 673 1116 reply‚
686 1029 803 1097 Accio.

139 1307 220 1376 Deus,
228 1306 275 1378 qui
282 1307 428 1362 adveutum
437 1314 499 1362 tuse
509 1307 655 1379 mejestatis
667 1325 715 1380 per
723 1307 848 1378 angelum
857 1306 1030 1363 Gobrihelem
1039 1307 1193 1382 priusquam

87 1390 263 1449 descenderes
275 1389 400 1446 nuntiare
409 1390 520 1461 jussisti,

137 1475 190 1540 Qui
207 1474 348 1546 digestim
364 1474 434 1529 inim
451 1473 570 1531 humone
582 1474 684 1531 viscere
701 1473 844 1545 ingressus,
857 1492 893 1530 ex
911 1473 973 1531 elvo
985 1474 1095 1548 virginis
1112 1475 1194 1532 hedis

84 1559 227 1616 eumundo
239 1557 407 1627 clarificatus,

137 1643 189 1710 Τιι,
200 1641 325 1711 Domine,
335 1640 448 1697 benedic
465 1640 536 1697 hsnc
548 1640 676 1698 remilium
693 1648 777 1712 tuum,
790 1659 871 1715 quem
888 1641 1019 1700 hodierne
1039 1642 1196 1700 solemnitas

84 1726 112 1782 in
125 1726 244 1781 adventu
256 1732 302 1781 tuo
314 1724 379 1781 iecit
389 1724 522 1797 gaudere;

138 1811 180 1866 De
197 1826 292 1883 pscem
310 1809 408 1882 populo
427 1816 482 1879 tuo,
494 1826 576 1882 quem
593 1809 710 1883 pretiose
722 1808 864 1866 nativitato
876 1809 997 1866 vivifices
1016 1817 1045 1866 el
1064 1810 1196 1883 passionis

86 1894 228 1952 tolorsntie
238 1913 255 1950 e
267 1903 353 1952 morte
365 1903 494 1969 perpetue
508 1895 663 1965 rodemiam

141 1978 240 2034 Tribus
257 1981 296 2035 eis
314 1980 348 2036 de
366 1980 490 2036 thesemo
507 1987 555 2037 tuo
573 1979 749 2037 indeficientis
766 1979 872 2037 divitiis
890 1980 1033 2052 bonitatis3
1061 1981 1134 2055 reple
1151 1999 1198 2039 eos

86 2062 206 2132 scientis,
218 2069 250 2119 ut
267 2062 411 2137 impollutis
422 2062 528 2119 coelius
540 2068 568 2118 st
584 2080 652 2136 puro
664 2063 744 2120 corde
756 2069 901 2137 sequentur
912 2071 941 2121 te
960 2063 1058 2122 ducem
1067 2065 1197 2137 justitiae,

85 2163 165 2217 quem
178 2164 256 2203 suum
266 2153 431 2219 cognoscunt
441 2146 585 2215 foetorem

140 2230 178 2285 m
197 2230 268 2286 sicut
291 2231 318 2286 in
338 2230 432 2286 diebus
452 2229 504 2285 illis
526 2227 714 2285 advenientem
733 2234 761 2286 ts
782 2230 810 2285 in
829 2229 930 2287 mundo
950 2230 1062 2305 perfidis
1082 2232 1199 2290 Herodis

87 2313 199 2387 expavit
209 2321 238 2370 et
249 2314 328 2388 periit
339 2332 388 2370 rex
400 2313 497 2386 impius
506 2313 599 2370 esocis
611 2313 682 2384 mgis
693 2313 792 2386 magni,
804 2313 843 2371 its
852 2333 924 2372 nuno
932 2316 1066 2387 praesenti
1077 2322 1199 2391 tempere

87 2397 223 2455 celebrato
235 2398 388 2455 solemnitas
399 2404 571 2471 poeoniorum
584 2403 734 2454 nostromm
747 2397 835 2453 vinclo
846 2398 990 2471 dissolvam

143 2483 182 2539 Ut
199 2500 261 2539 cum
279 2482 375 2539 iterum
394 2483 429 2538 sd
444 2479 622 2552 jndicendum
633 2479 898 2552 vendicandum
915 2482 992 2539 nobis
1004 2490 1067 2540 snio
1085 2484 1200 2541 tuliuml

87 2573 166 2623 tuum
190 2584 250 2622 reue
271 2571 417 2639 appaream
442 2565 489 2621 sed
509 2563 630 2620 discume
648 2564 683 2620 ds
703 2564 855 2637 pectorsbm
874 2566 972 2623 nostris
990 2567 1103 2639 caligine
1124 2575 1200 2626 tene·

87 2649 203 2720 bmmm,
216 2650 371 2723 pleeesmue
382 2647 538 2722 conspectui
556 2653 603 2703 tuo
616 2652 646 2703 et
662 2648 850 2720 perveniemus
868 2649 903 2707 sd
920 2650 993 2707 illem
1005 2656 1104 2708 terrem
1116 2669 1198 2724 quem

85 2734 173 2792 emoti
186 2734 226 2792 tui
238 2735 266 2791 in
282 2734 400 2806 requiem
412 2732 586 2807 possidebunt
597 2737 744 2791 aeternam.

156 3013 224 3079 The
246 3011 415 3097 following
436 3011 527 3076 short
549 3011 728 3096 formrdsry
744 3010 795 3076 for
816 3011 873 3076 the
894 3032 952 3077 use
974 3013 1010 3076 oi
1029 3011 1145 3097 priests
1171 3014 1201 3079 is

90 3117 203 3194 found,
213 3116 435 3181 ulmosiseSt.
446 3115 599 3182 Germein
609 3115 701 3199 gives
710 3115 859 3192 mintho
870 3115 957 3181 Irieh
969 3117 1203 3183 StoweMissel

92 3222 161 3287 ond
176 3221 213 3286 in
227 3221 284 3286 the
298 3219 494 3286 Ambroeisn
509 3221 655 3305 liturgy.
700 3218 768 3284 The
784 3218 889 3284 Stowe
904 3216 1043 3284 ΜίιιειιΙΒ
1062 3219 1165 3284 hee-

148 3455 209 3510 Pex
219 3456 248 3508 st
259 3451 357 3507 ceritas
368 3448 471 3506 domini
483 3448 566 3505 nestri
584 3449 602 3505 J
603 3465 665 3506 osus
676 3447 776 3504 Christi
793 3454 822 3505 et
832 3449 1038 3506 communicatio
1049 3455 1203 3506 sanctorum

92 3538 214 3595 omnium
227 3537 263 3591 eit
274 3551 380 3608 semper
391 3533 537 3590 nobiscum.

143 3757 150 3787 ¹
168 3755 273 3819 “Rogm
289 3753 391 3814 fraires,
407 3752 510 3817 quoties
525 3752 668 3803 clemoium
685 3752 765 3803 suerii
781 3756 812 3802 ui
828 3768 869 3802 eos
887 3753 1051 3804 bermlictioni
1069 3755 1205 3807 leumiiiore

94 3834 221 3895 debentis,
238 3848 289 3883 non
306 3832 378 3883 vobis
398 3831 435 3882 sii
456 3830 610 3882 laboriosum
627 3830 715 3895 capite
736 3829 871 3890 inclinare,
887 3830 951 3895 quie
968 3846 1018 3881 uon
1036 3831 1206 3894 neminisse

99 3913 158 3964 Deo
168 3909 337 3962 humilietis'’
348 3909 430 3974 (Aug.
442 3922 526 3969 sem,
536 3907 593 3969 285,
605 3907 653 3959 No.
664 3908 699 3970 2)

144 3989 156 4020 ¹
173 3985 329 4038 Morembie.

145 4071 157 4102 ⁸
172 4069 290 4130 wutron,
300 4070 344 4119 loc.
355 4068 408 4129 cii,
418 4081 443 4130 p.
454 4065 511 4115 242.
