2806 4822
137 385 200 452 528
245 398 423 449 cnsrsrrsu
446 395 614 444 wonsnn:
640 393 691 442 irs
713 392 830 442 earum
852 392 921 441 sun
945 389 1152 440 evonenus.

198 563 246 625 43.
269 560 398 632 Quando
417 559 485 637 quis
504 557 615 636 dignus
633 562 681 615 est
699 555 753 635 qui
767 560 830 614 stet
843 573 944 613 eoram
959 553 1115 613 tribunali
1130 560 1251 631 propter

137 659 227 719 fidem
261 663 294 717 et
327 655 479 713 afficiatur
513 671 610 730 poene
643 655 768 728 propter
802 649 969 722 Christum,
1006 654 1118 726 postea
1152 654 1250 707 autem

138 750 331 829 indulgentia
368 748 446 807 liber
484 746 661 817 dimittitur,
698 744 771 802 talis
804 749 909 821 postea
943 748 1084 802 meretur
1126 741 1251 820 gradum

138 843 377 925 presbyteralem
404 860 504 901 oorsm
532 839 606 910 Deo,
635 858 697 897 nou
724 836 889 896 secundum
916 835 1149 895 ordinationem
1178 853 1252 912 quse

139 942 176 1002 fit
198 941 238 999 ab
259 939 415 1016 episeop03
442 936 533 992 immo
553 932 702 993 ooniessio
723 937 771 991 est
791 929 944 991 ordinatio
965 931 1141 1006 ejus-44.
1169 927 1251 1000 Quod

141 1035 166 1094 ei
187 1051 259 1091 vero
280 1031 435 1108 episeopus
454 1029 500 1101 fit,
517 1027 777 1087 ordinetur—45.
800 1024 833 1083 Si
850 1025 918 1102 quis
934 1023 1128 1084 ooniessione
1148 1025 1253 1084 emissa

141 1126 304 1188 tormentis
331 1124 431 1182 laesus
458 1141 521 1181 non
547 1127 604 1193 eet,
633 1121 744 1198 dignus
770 1125 818 1178 est
845 1119 1083 1196 presbyteratu3
1117 1127 1253 1178 attamen

141 1223 300 1282 ordinetur
331 1237 386 1295 per
413 1215 684 1293 episeopum—dd.
721 1214 754 1272 si
782 1214 865 1286 talis,
892 1233 961 1272 oum
988 1233 1099 1274 servus
1128 1215 1254 1292 alicujus

142 1323 230 1386 esset,
259 1319 383 1391 propter
411 1310 569 1369 Christum
596 1310 749 1368 cruciatus
775 1306 912 1384 pertulit,
938 1307 1012 1366 telis
1041 1309 1190 1367 similiter
1212 1314 1255 1366 est

143 1409 303 1488 presbyter
329 1403 514 1482 gregi-47.
549 1402 737 1481 Quamquam
761 1402 842 1461 enim
865 1401 993 1460 formam
1019 1403 1255 1481 presbyteratus

144 1523 206 1562 non
226 1500 385 1577 acceperit,
407 1505 511 1558 tamen
525 1499 666 1575 spiritum
680 1497 909 1575 presbyteratus
923 1495 1056 1574 adeptus
1071 1505 1131 1560 est.
1178 1498 1257 1575 Epis

144 1614 236 1674 copus
257 1594 353 1669 igitur
373 1593 499 1651 omittat
512 1592 658 1651 orationis
672 1598 791 1670 partem
804 1609 884 1668 quae
898 1589 938 1648 ad
951 1591 1098 1668 spiritum
1118 1600 1257 1652 sanctum

143 1687 287 1766 pertinet.
1185 1694 1196 1765 ῃ

208 1781 256 1837 48.
282 1777 342 1848 Qui
363 1777 565 1836 constituitur
586 1776 766 1856 drayvdorm
787 1783 914 1835 ornatus
936 1777 978 1835 sit
999 1777 1179 1839 viantibus
1201 1779 1260 1838 din·

147 1874 225 1945 coni,
260 1890 357 1950 neque
389 1890 495 1929 manus
523 1872 552 1930 ei
579 1871 753 1947 imponatur
780 1873 885 1950 primo,
916 1871 969 1930 sed
996 1872 1197 1949 evangelium
1223 1874 1259 1930 sb

148 1969 285 2046 episcopo
318 1964 376 2042 ipsi
409 1966 595 2042 porrigatur.
609 1999 651 2008 —
665 1963 713 2022 49.
749 1963 947 2028 Ὑποδιάκονος
978 1965 1154 2026 secundum
1183 1966 1261 2026 huno

148 2063 294 2123 ordinem.

210 2156 257 2214 50.
282 2154 387 2231 Neque
401 2151 560 2211 ordinetur
574 2152 700 2223 caelebs,
716 2152 741 2208 si
760 2158 808 2210 est
825 2153 890 2210 sine
904 2171 1005 2224 uxore,
1023 2152 1084 2210 nisi
1099 2161 1261 2231 postquam

149 2249 356 2311 testimonium
376 2265 431 2323 pro
448 2247 512 2323 ipso
530 2247 678 2305 exibitum
693 2247 734 2305 sit
747 2247 787 2306 ad
801 2245 1033 2305 contestandum
1048 2247 1262 2324 integritatem

150 2349 215 2425 ejus
229 2366 248 2403 a
261 2343 368 2402 vicinis
382 2341 484 2418 ipsius,
501 2342 547 2399 ite
561 2347 597 2399 ut
611 2347 727 2399 certum
741 2341 783 2398 sit
795 2360 864 2399 eum
878 2360 897 2399 a
912 2341 1110 2418 corruptione
1131 2343 1262 2402 alienum

150 2443 243 2500 fuisse
266 2458 301 2497 eo
323 2443 457 2512 tempore
479 2453 541 2512 quo
562 2433 604 2491 ibi
627 2433 890 2495 habitabat—dl.
920 2434 1030 2513 Neque
1053 2435 1153 2494 alicui
1175 2438 1264 2514 impo

152 2543 244 2595 natur
263 2549 370 2591 manus
389 2536 545 2607 tamquam
564 2529 671 2587 caelibi
692 2527 828 2607 (virgini)
843 2529 902 2587 nisi
916 2528 1041 2605 quando
1054 2528 1096 2587 ad
1111 2537 1263 2589 maturam

153 2637 304 2688 staturam
322 2621 488 2702 perductus
512 2642 566 2700 pro
593 2621 675 2680 fideli
699 2621 830 2680 habetur
854 2630 887 2681 st
910 2622 1087 2681 testimonio
1117 2643 1264 2683 eommen·

153 2726 244 2784 datus
258 2726 313 2780 est.

215 2818 261 2876 52.
292 2812 488 2873 Ὑποδιάκονος
509 2817 542 2869 et
562 2811 742 2889 ἁναγνώστης
763 2809 884 2888 quando
904 2810 959 2870 soli
980 2818 1071 2871 orent
1092 2815 1265 2872 consistant

154 2915 187 2971 in
213 2908 379 2989 posteriore
412 2911 518 2982 part03
558 2902 738 2968 ὖποδιᾶκονος
766 2912 868 2965 autem
895 2907 1009 2965 serviat
1037 2926 1142 2968 eoram
1171 2909 1264 2970 homi-

155 3007 251 3065 nibus.

216 3101 264 3159 53.
286 3099 319 3157 Si
339 3095 408 3174 quis
429 3092 607 3171 petitionem
629 3093 757 3169 porrigit
776 3115 855 3172 quae
873 3095 913 3152 ad
930 3095 1023 3172 ipsius
1038 3095 1265 3156 ordinationem

154 3195 300 3274 pertinet,
327 3188 408 3268 quod
432 3187 527 3246 dicit:
551 3186 698 3245 “Nactus
722 3208 788 3245 sum
813 3188 962 3247 charisma
985 3191 1184 3264 sanationis‚''
1207 3212 1267 3250 non

155 3293 239 3370 prius
266 3287 425 3347 ordinetur
452 3300 542 3360 quam
571 3279 718 3338 clarescat
745 3301 782 3340 ea
809 3284 955 3344 res—54.
987 3282 1145 3360 Imprimis
1169 3285 1267 3362 inqui-

157 3385 284 3445 rendum
307 3387 355 3467 est
378 3398 450 3437 num
473 3375 646 3433 sanationes
666 3394 745 3451 quae
765 3395 819 3453 per
840 3395 907 3434 eum
930 3377 1008 3435 fiunt
1029 3395 1140 3435 revera
1160 3398 1179 3435 a
1202 3377 1267 3437 Deo

157 3482 344 3541 deriventur.

219 3576 266 3631 55.
290 3568 452 3644 Presbyter
480 3564 565 3640 cujus
592 3583 669 3621 uxor
696 3565 813 3641 peperit
841 3585 878 3623 ne
905 3566 1208 3642 segregetur—56.
1238 3565 1270 3624 Si

158 3667 316 3745 presbyter
329 3663 396 3720 abit
411 3666 442 3718 et
457 3660 489 3716 in
503 3659 576 3716 locis
591 3659 648 3734 ipsi
666 3677 727 3715 non
742 3660 895 3735 deputatis
914 3660 1055 3720 habitere
1075 3662 1154 3735 vult,
1171 3663 1270 3722 clerus

159 3761 249 3835 hujus
264 3758 321 3816 loci
335 3756 374 3813 ad
388 3751 593 3829 recipiendum
607 3751 735 3809 eundem
756 3771 867 3828 pronus
887 3754 1076 3830 interrogent
1095 3756 1270 3832 episeopum

160 3853 322 3914 cathedrae
347 3851 420 3926 ejus,
445 3867 483 3906 ne
507 3847 637 3905 forsitan
662 3853 784 3923 propter
808 3848 940 3924 aliquam
963 3867 1084 3906 causam
1109 3851 1145 3907 in
1167 3849 1271 3928 fugam

162 3967 323 4008 conversus
337 3944 477 4003 sit-57.
499 3940 613 4011 Quodsi
628 3959 700 3998 vero
714 3940 786 3997 urbs
804 3943 870 4017 ejus
891 3942 1018 4000 nimium
1039 3943 1148 4012 distat,
1163 3946 1273 4004 exami-

163 4050 252 4105 netur
267 4042 293 4098 si
307 4045 353 4098 ost
368 4035 541 4118 discipulus
556 4041 693 4093 attamen
714 4041 797 4091 caret
818 4033 896 4116 quod
917 4035 1112 4118 presbyteros
1135 4038 1274 4102 deest.-
