2814 4816
142 349 208 414 464
252 366 431 416 ΟΠΒΙΒΤΙΑΝ
454 366 623 415 wousffll’:
647 365 698 414 ITS
720 364 837 414 ORIGIN
861 365 929 413 ANB
952 362 1162 413 EVOLUTION.

143 525 259 588 dictum
286 531 343 590 est.
394 525 438 586 Et
464 526 490 586 si
518 526 639 587 diaconi
664 525 789 585 minime
815 523 941 597 fuerint
966 523 1003 582 in
1031 523 1103 584 loeo
1131 523 1261 601 ipsorum

143 618 289 698 procedat
303 620 453 697 presbiter
466 618 505 679 de
518 619 648 679 secretio
662 638 731 677 oum
745 622 914 700 cereostata
927 615 967 676 ad
976 615 1001 656 α)
1023 614 1261 674 custodiendum

144 717 246 778 sedem
274 716 466 796 pontificis‘ll
498 723 531 776 et
551 717 623 776 licet
643 717 833 794 evangelium
854 716 953 793 legere
977 714 1014 773 in
1036 715 1176 774 ambone
1201 732 1262 792 pro

144 812 263 871 cinctus
282 811 321 870 de
337 812 464 890 planita,
480 812 560 872 sicut
580 817 614 871 et
634 811 790 883 diaconus,
814 815 847 869 et
863 808 1051 869 descendens
1074 809 1117 869 de
1136 809 1262 867 ambone

146 906 248 965 induit
268 925 301 964 se
320 906 447 984 planita
491 907 534 965 Et
549 905 624 966 dum
638 907 781 965 venerint
794 910 868 964 ante
881 904 1049 964 cancellum
1065 903 1196 962 diaconi
1209 909 1262 961 aut

144 1003 314 1080 presbiteri,
334 1003 421 1061 venit
440 1003 595 1080 episcopus
615 1008 672 1060 aut
691 1001 843 1079 presbiter
863 1001 901 1060 de
921 1005 1012 1078 parte
1032 1000 1168 1058 sinistra
1187 1017 1263 1076 pree

146 1099 249 1158 biterii
272 1099 324 1176 qui
347 1099 414 1175 ipsa
437 1097 487 1157 die
514 1099 606 1157 missa
632 1097 860 1157 caelebraturns
883 1104 950 1170 est,
968 1094 1027 1155 dat
1053 1097 1087 1155 ei
1118 1095 1261 1154 diaeonus

143 1211 247 1272 pacem
268 1193 322 1269 qui
342 1192 533 1269 evangelium
554 1193 690 1251 lecturus
704 1199 751 1252 est
771 1193 838 1270 ipsa
856 1191 932 1251 diae.
974 1190 1019 1250 Et
1046 1190 1129 1250 dnm
1151 1191 1262 1249 finierit

145 1287 225 1345 scola
254 1284 340 1344 Kirie
368 1283 483 1358 eleison,
512 1286 619 1363 psallit
646 1285 802 1364 episcopus
830 1286 864 1343 in
892 1290 982 1361 perte
1012 1282 1129 1344 dextra
1162 1283 1262 1343 throni

144 1380 227 1439 inira
251 1379 385 1439 cancello
407 1385 440 1438 et
460 1378 536 1437 dicit
559 1378 663 1438 Gloria
684 1377 715 1438 in
736 1377 855 1438 arcebis
875 1377 948 1438 Dec.
993 1376 1037 1436 Et
1058 1379 1089 1436 si
1111 1378 1260 1456 presbiter

144 1476 236 1533 missa
245 1473 337 1532 debet
345 1474 524 1544 caelebrare,
537 1492 599 1532 non
612 1472 688 1531 dicit
699 1471 802 1531 Gloria
810 1472 841 1531 in
851 1471 971 1532 carebia
979 1470 1053 1543 Deo,
1068 1472 1128 1531 sed
1142 1480 1260 1531 tnntnm

145 1569 251 1648 psallit
275 1576 307 1626 et
335 1567 412 1627 dicit
439 1568 587 1627 oracione.
642 1566 715 1644 Ipsa
742 1568 872 1645 expleta,
901 1567 1074 1626 revertitur
1104 1568 1141 1626 in
1168 1569 1260 1628 locam

148 1682 248 1734 suum,
262 1680 357 1739 usque
378 1662 450 1721 dum
472 1662 587 1738 legitur
607 1661 806 1740 evangelium.
849 1661 921 1738 Ipso
941 1661 1076 1737 expleto,
1101 1663 1210 1740 psallit
1229 1669 1260 1720 nt

147 1775 246 1833 supra,
271 1762 303 1815 et
331 1756 408 1816 dicit
432 1755 573 1815 Dominus
596 1755 756 1828 nobiscnm
777 1753 887 1815 deinde
913 1753 1041 1827 Oremm,
1066 1763 1104 1814 et
1127 1759 1260 1835 sequitur

146 1849 249 1908 omnia
263 1850 343 1907 mont
357 1869 449 1926 supra
463 1849 610 1926 scripturn
624 1854 681 1909 est.
723 1849 766 1906 Et
788 1848 860 1907 dnm
874 1849 993 1907 venerit
1007 1848 1047 1907 ad
1063 1852 1161 1910 omnia
1181 1851 1261 1910 bonor

146 1951 173 2002 et
186 1942 290 2021 ylario,
306 1963 368 2003 non
381 1945 464 2003 levat
477 1942 621 2003 diaconus
635 1943 765 2016 calicem,
781 1944 862 2002 mont
875 1943 914 2002 ad
927 1944 1117 2021 pontificem,
1135 1945 1189 2004 sed
1203 1947 1261 2023 ipae

147 2039 304 2116 episcopus
328 2043 384 2097 aut
404 2038 554 2117 presbiter
582 2039 665 2097 levat
693 2036 769 2097 duos
796 2036 916 2097 oblatae
939 2045 972 2096 et
994 2040 1106 2115 tergit
1131 2059 1172 2098 ex
1195 2040 1261 2117 ipsis

147 2132 271 2191 calicem
285 2138 318 2190 et
331 2131 408 2191 dicit
430 2130 492 2190 Per
515 2131 611 2190 omniu
632 2129 750 2191 anemio
771 2130 958 2191 mercionum.
1000 2130 1045 2189 Et
1060 2131 1141 2192 dum
1154 2133 1261 2192 dixerit

150 2225 221 2285 Pon
234 2225 355 2284 Domini
367 2225 405 2285 sit
418 2244 526 2304 semper
538 2224 683 2297 nobiseum,
699 2230 787 2286 tenet
800 2224 1003 2284 subdiaconus
1017 2224 1056 2284 de
1072 2233 1187 2286 sancte
1199 2245 1261 2286 cnm

150 2320 303 2396 corporale
325 2319 364 2378 ad
389 2338 483 2378 cornu
507 2319 614 2377 altaris
635 2317 714 2397 quod
737 2317 877 2396 pontifex
901 2319 1148 2393 consecravit,⁰²⁰
1169 2329 1202 2381 et
1221 2340 1262 2380 ac

151 2413 228 2489 cipit
250 2431 316 2471 earn
339 2411 484 2472 dieoonue
505 2419 538 2471 et
562 2410 662 2471 tradit
682 2431 749 2471 eam
763 2413 901 2490 episcopo
921 2418 976 2471 aut
995 2413 1182 2488 presbitero.
1224 2415 1262 2475 ut

150 2504 260 2563 exinde
273 2504 349 2564 lecit
363 2525 481 2564 crucem
495 2525 584 2582 super
598 2505 731 2577 calicem,
745 2503 956 2564 dicendon
965 2504 1091 2564 Domini
1104 2508 1145 2567 eit
1158 2527 1263 2588 semper

149 2598 296 2658 comesum.
340 2599 383 2657 Et
401 2599 557 2658 osculatur
577 2599 684 2671 altare,
706 2605 739 2657 et
761 2599 905 2658 diaconum
926 2599 981 2658 dat
1000 2619 1112 2677 pacem
1136 2602 1178 2662 ad
1200 2603 1263 2661 snb·

150 2690 318 2751 diaconum.
372 2690 492 2751 Deinde
518 2693 623 2751 veniet
650 2692 728 2752 alius
755 2692 910 2771 episcopus
936 2693 976 2752 de
1002 2699 1095 2770 perte
1123 2695 1263 2769 sinistra

151 2790 260 2843 tenent
280 2786 369 2845 ambo
389 2805 497 2845 monus
517 2804 608 2864 super
627 2785 732 2845 oblata
753 2792 786 2845 et
806 2785 957 2863 frangunt
977 2803 1024 2861 ea,
1044 2794 1081 2845 et
1109 2788 1263 2868 episcopm

151 2879 316 2938 revertitur
329 2879 369 2938 ed
390 2881 488 2939 locum
502 2900 599 2941 suum.
642 2879 684 2938 Et
698 2880 854 2957 episcopus
867 2885 924 2939 aut
943 2879 1099 2957 presbiter
1118 2884 1174 2961 qni
1194 2882 1265 2943 feeit

152 2972 244 3030 missa
257 2971 355 3031 tradit
375 2991 438 3031 una
451 2978 484 3032 et
504 2973 604 3031 medin
618 2973 722 3031 oblata
742 2974 794 3050 qui
814 2973 931 3051 pertita
948 2978 996 3030 est
1017 2972 1056 3031 ad
1079 2974 1221 3051 diacono,
1235 2984 1265 3035 et

152 3067 216 3144 ipse
236 3068 324 3144 ponit
344 3067 508 3126 medietate
528 3069 562 3127 in
582 3073 724 3146 putenam
745 3072 777 3126 et
798 3067 851 3144 qui
871 3066 991 3144 integra
1010 3073 1059 3126 est
1082 3069 1120 3128 in
1139 3072 1268 3146 noculo,

152 3168 279 3221 tenente
287 3162 428 3224 acholito.
463 3162 507 3220 Et
516 3162 602 3221 vadit
611 3162 650 3221 ad
658 3160 1269 3243 archipresbyteroadconimngendum;

154 3263 186 3315 et
201 3263 266 3315 stat
279 3259 435 3335 episcopus
449 3258 483 3316 in
496 3258 623 3316 sinistra
636 3262 725 3335 parte
738 3257 845 3315 altaris
860 3275 954 3334 usque
973 3255 1046 3316 dum
1068 3277 1229 3338 expensae
1238 3261 1272 3303 Μ

154 3349 272 3409 inerint
292 3352 412 3410 oblatae
432 3369 486 3429 per
500 3351 620 3411 saccula
634 3348 843 3423 acholitorum,
858 3351 938 3409 sicut
958 3369 1022 3410 moe
1042 3359 1104 3413 eet.
1149 3355 1272 3418 Deinde

153 3447 318 3505 revertitur
332 3447 488 3524 episcopus
502 3453 574 3505 ante
596 3446 694 3505 altere
712 3453 744 3504 et
761 3444 1021 3524 confrangendum
1039 3447 1218 3512 medietate
1235 3451 1272 3512 de

152 3538 256 3597 oblata
270 3539 323 3616 qui
344 3540 501 3598 remansit.
543 3538 587 3598 Et
607 3539 680 3598 dnm
695 3538 885 3598 confractum
905 3540 1080 3615 habuerint,
1097 3543 1273 3607 adnmeist

604 3782 635 3851 (i)
654 3786 691 3837 et.

597 3865 637 3934 (ii)
656 3863 820 3936 pontificem.

586 3948 636 4018 (iii)
656 3947 829 4004 consecrabit

586 4032 635 4102 (iv)
655 4048 780 4104 expense.
