2814 4816
177 417 241 483 358
285 438 463 488 osersrrss
486 439 655 490 wosssrr:
679 439 730 489 rrs
753 439 867 491 esrem
890 441 959 488 ann
981 439 1177 490 svonurmu.

244 594 469 681 Insiiatory-

229 765 350 836 Orsmus,
376 766 549 838 dilectissimi,
576 769 663 824 Deum
689 769 797 825 Patrem
822 769 1041 842 omnipotentem,
1067 774 1098 825 ut
1126 785 1208 842 snper
1237 767 1290 822 hos

175 843 289 904 nmmos
301 867 363 905 suos
380 868 447 922 quos
458 851 494 907 ed
511 852 669 924 presbyterii
689 871 786 908 munus
798 853 880 925 elegit
898 853 1026 910 coelestia
1038 853 1109 909 dona
1119 850 1290 925 mulspuoet,

174 930 273 1002 quibus
284 933 357 1005 quod
368 933 425 1007 ejus
438 934 590 1007 dignatione
602 936 751 1010 suscipiunt
762 936 820 1010 ejus
832 942 1012 1010 exsequantur
1023 935 1132 994 auxilio.

241 1172 371 1260 Litccy.

242 1426 412 1512 Proper—

230 1607 334 1663 Exaudi
353 1625 410 1677 nos,
432 1609 505 1664 Deus
524 1607 648 1665 salubris
666 1615 765 1678 noster,
782 1614 812 1665 et
829 1625 909 1680 super
929 1607 979 1664 hos
997 1608 1111 1665 famulos
1129 1611 1190 1665 tuos
1206 1609 1293 1663 bene·

176 1690 321 1747 dictionem
334 1691 420 1748 sancti
438 1691 553 1763 spiritus
569 1698 597 1748 st
613 1693 714 1764 gratias
724 1690 895 1749 sacerdotalis
906 1690 1014 1747 effunde
1025 1690 1159 1761 virtutem,
1172 1698 1203 1747 ut
1220 1709 1289 1764 quos

177 1784 238 1834 tuae
263 1777 368 1850 pietatis
391 1778 543 1851 aspectibus
572 1779 706 1836 offerimus
730 1777 926 1836 consecrandos
955 1782 1084 1851 perpetua
1107 1775 1225 1832 muneris
1250 1774 1291 1831 tui

178 1858 301 1932 largitate
313 1860 488 1934 prosequaris.

243 2115 443 2182 summac
458 2118 625 2201 praw-

233 2298 303 2352 Verc
314 2297 432 2367 dignum.
447 2337 455 2354 .
468 2340 475 2353 .
489 2339 496 2352 .
530 2299 610 2368 Deus,
619 2299 751 2354 honorum
760 2299 878 2354 omnium
887 2304 915 2354 et
925 2299 1044 2354 omnium
1053 2298 1213 2371 dignitatum
1223 2317 1294 2372 quae

178 2381 225 2437 tibi
246 2380 362 2437 militant
379 2382 542 2452 distributor,
556 2401 603 2455 per
620 2401 699 2453 quem
718 2383 861 2455 proliciunt
877 2383 1010 2453 universa,
1029 2401 1077 2455 per
1094 2401 1174 2455 quem
1192 2390 1294 2440 cuncta

178 2466 324 2535 firmantur,
337 2465 508 2538 amplificatis
526 2484 632 2540 semper
649 2467 677 2522 in
696 2468 791 2522 melius
808 2473 920 2522 naturae
938 2466 1101 2523 rationabilis
1119 2467 1294 2524 incrementis

179 2567 228 2621 per
246 2548 365 2604 ordinem
385 2567 502 2620 congrua
519 2551 624 2606 ratione
642 2550 809 2623 dispositum.
855 2550 934 2607 Unde
952 2549 1131 2607 sacerdotales
1147 2550 1247 2623 gradm
1264 2556 1295 2605 et

179 2633 266 2688 officia
288 2633 430 2688 levitarum
460 2634 634 2690 sacramentis
663 2634 784 2704 mysticis
820 2633 942 2689 institute
972 2640 1132 2690 creverunt:
1168 2640 1200 2689 nt
1229 2650 1294 2689 cnm

181 2716 320 2789 pontifices
344 2734 463 2772 summos
487 2717 611 2789 regendis
639 2717 744 2790 populis
773 2717 953 2789 praefecisses,
975 2717 1010 2773 ad
1039 2734 1132 2773 eorum
1156 2716 1295 2773 societatis

180 2807 209 2857 ct
238 2800 326 2872 operis
347 2801 532 2871 adjumentum
557 2801 694 2873 sequentis
725 2800 824 2856 ordinis
847 2800 919 2856 viros
943 2806 971 2855 et
997 2798 1132 2856 secundae
1156 2799 1296 2869 dignitatis

181 2887 302 2960 eligeres.
340 2888 384 2944 Sic
397 2889 425 2944 in
437 2906 527 2945 eremo
540 2906 587 2962 per
599 2888 767 2961 septuaginta
778 2889 895 2945 virerum
914 2888 1077 2961 prudentum
1089 2893 1193 2943 mentes
1205 2886 1297 2958 Moysi

180 2977 302 3051 spiritum
321 2978 487 3050 propagasse
505 2978 601 3049 quibus
613 2978 657 3034 ille
669 2977 835 3048 adjutoribus
847 2994 911 3032 usus
922 2978 950 3032 in
968 2975 1074 3049 populo,
1087 2975 1297 3032 innumerabiles

181 3062 364 3119 multitudines
382 3061 458 3118 facile
478 3062 645 3134 gubcmevit.
683 3062 728 3118 Sic
746 3061 774 3116 in
794 3059 922 3116 Eleazaro
941 3064 970 3115 et
988 3058 1109 3114 Ithamar
1126 3056 1186 3113 filiis
1202 3059 1297 3114 Aaron

180 3151 305 3217 paternae
323 3146 495 3216 plenitudinis
513 3146 705 3202 abundantiam
723 3143 899 3213 transfudisti,
911 3148 943 3198 ut
954 3141 990 3198 ad
1007 3141 1109 3197 hostias
1120 3140 1251 3197 salutmes
1262 3148 1295 3198 et

181 3229 365 3301 frequentioris
386 3231 466 3286 officii
496 3235 665 3285 sacramenta
689 3229 823 3285 sufficeret
853 3226 979 3282 meritum
1002 3225 1180 3282 sacerdotum.
1231 3226 1297 3284 Hac

181 3312 359 3384 providentie,
377 3313 502 3383 Domine,
521 3312 657 3385 Apostolis
676 3311 738 3368 Filii
754 3311 795 3366 tui
812 3311 943 3366 Doctores
960 3307 1023 3364 fidei
1039 3308 1150 3364 comites
1161 3308 1297 3380 addidisti,

181 3396 279 3470 quibus
291 3396 329 3452 illi
342 3398 433 3453 orbem
440 3403 527 3453 totum
535 3396 659 3452 secundis
670 3393 897 3467 praedicatoribus
908 3390 1094 3464 impleverunt
1129 3390 1298 3465 Quapropter

181 3481 329 3537 infirmitati
347 3498 453 3553 quoque
471 3487 585 3548 nostrae,
605 3479 727 3548 Domine,
746 3495 915 3549 quaesumus,
933 3476 1000 3531 haec
1017 3474 1172 3545 adjumentc
1189 3474 1296 3548 largire,

182 3565 228 3636 qni
252 3571 353 3635 quanto
372 3565 457 3636 magis
475 3563 621 3636 fragiliores
640 3580 732 3618 snmus
753 3568 829 3617 tanto
850 3561 893 3616 hia
913 3558 1032 3631 pluribus
1051 3557 1209 3630 indigemus.
1244 3562 1298 3632 Da,

183 3668 353 3722 quaesumus,
373 3651 461 3719 Pater,
481 3650 509 3704 in
528 3650 579 3705 hes
599 3649 714 3704 famulos
733 3655 794 3704 tuos
815 3644 972 3718 presbyterii
991 3642 1168 3714 dignitatem
1195 3645 1297 3702 innova

183 3735 211 3790 in
230 3736 377 3791 visceribus
394 3752 487 3789 eorum
504 3733 625 3805 spiritum
643 3731 810 3798 sanctitatis3
836 3733 977 3801 acceptum
997 3733 1065 3796 ate,
1082 3725 1166 3795 Deus,
1182 3728 1296 3785 secundi

184 3819 273 3874 meriti
303 3834 400 3872 munus
424 3816 570 3885 obtineant,
595 3831 790 3886 censuramque
813 3830 918 3869 monim
943 3809 1068 3882 exemplo
1092 3828 1157 3868 suae
1182 3828 1298 3868 conver·

183 3900 294 3957 sationis
306 3901 449 3957 insinuent.
486 3899 547 3955 Sint
563 3899 639 3971 probi
650 3904 837 3971 cooperatores
850 3894 949 3952 ordinis
961 3895 1064 3960 nostri;
1084 3896 1193 3951 eluceat
1209 3895 1237 3950 in
1255 3896 1298 3952 eis

184 3985 266 4041 totius
288 3985 374 4040 forme
390 3983 524 4055 rjustitiae,
549 3990 580 4038 ut
602 3982 702 4037 bonam
726 3981 858 4037 rationem
882 3977 1089 4052 dispensationis
1110 3977 1299 4037 strenuitas

184 4067 311 4124 reddituri
324 4075 449 4124 aeternae
460 4064 633 4122 beatitudinis
644 4063 763 4137 praemio
775 4068 980 4135 consequantur.
