2814 4816
145 388 208 451 488
253 405 433 457 eumenen
455 410 626 459 wonsmr:
651 409 702 458 rre
725 409 840 459 onmru
864 408 932 457 nun
955 403 1158 455 avonemou.

145 589 285 654 circumit
305 598 459 658 ecclesiam
479 599 519 658 ab
539 598 638 660 hostio
654 600 687 657 in
703 605 821 676 partem
842 597 1048 676 aquilonarem
1068 593 1172 672 prima
1195 591 1261 648 vice

145 703 240 762 usque
260 690 372 751 iterum
392 692 433 752 ad
453 693 533 754 idem
557 692 712 766 hostium3
732 700 852 752 etcum
874 691 936 750 illic
959 693 1145 769 perventum
1162 684 1261 745 inerit

144 781 247 854 pulsat
271 785 404 846 hostium
425 788 525 847 tribus
545 788 670 859 vicibus,
686 785 835 847 dicendo:
859 783 964 844 Tollite
973 791 1086 864 portas,
1098 780 1258 862 principes,

144 882 253 937 cestros
274 889 303 939 et
325 881 483 955 elevamini,
507 890 614 962 portae
636 881 806 953 aeternales,
828 889 857 941 ei
884 878 1011 940 intrato
1038 877 1109 938 Boc
1134 875 1261 954 glorios·

144 968 205 1029 Ille
219 972 341 1035 deintus
360 976 545 1055 respondens
566 977 668 1036 dicat:
690 975 763 1048 Quia
773 984 815 1036 est
828 975 881 1035 oo
894 994 946 1034 rec
959 973 1096 1051 glorios?
1137 971 1261 1031 Iterum

145 1065 349 1132 circumiendo
371 1077 419 1131 est
442 1072 568 1132 ecclesia
587 1070 720 1132 secunda
747 1072 814 1132 vice
840 1071 922 1130 sicut
945 1070 1038 1148 prius,
1057 1087 1130 1128 cum
1151 1064 1262 1127 eadem

144 1163 313 1242 antiphona
334 1172 367 1226 et
387 1166 491 1226 eodem
508 1167 631 1245 psalmo,
649 1165 815 1245 usquedum
834 1166 1030 1244 perveniatur
1051 1163 1094 1224 ad
1112 1161 1262 1233 hostium,

145 1262 239 1334 atque
275 1259 387 1320 iterum
420 1261 560 1338 pulsetur
595 1261 675 1320 sicut
708 1260 794 1337 prius
827 1257 939 1318 eisdem
973 1257 1075 1317 verbis
1110 1263 1143 1316 et
1179 1255 1261 1315 idem

145 1350 348 1427 respondente
375 1353 499 1414 deintus
520 1355 647 1415 latente.
690 1353 776 1413 'Iunc
797 1354 891 1412 tertio
918 1354 1028 1411 iterum
1048 1350 1263 1411 circumiendo

145 1451 193 1504 est
220 1446 323 1506 eodem
350 1448 439 1508 modo
462 1468 531 1507 cum
555 1448 660 1508 eodem
682 1453 775 1507 contu
796 1467 891 1526 usque
912 1448 1024 1506 iterum
1048 1446 1090 1505 ad
1112 1445 1263 1506 hostium.

145 1539 232 1601 'Iunc
250 1539 366 1601 dicenti
379 1544 516 1621 pontifici
534 1550 567 1603 et
585 1542 720 1621 pulsanti
738 1542 918 1620 respondum
938 1548 986 1600 est
1004 1542 1033 1600 ei
1051 1541 1136 1600 sicut
1152 1541 1264 1618 prius:

145 1634 219 1706 Quis
253 1643 295 1694 ost
330 1635 384 1696 iste
418 1657 471 1697 rec
504 1637 639 1714 gloriae?
700 1635 844 1696 Pontifex
879 1635 1079 1713 respondeat:
1116 1632 1264 1694 Dominus

144 1729 277 1789 virtulum
291 1729 352 1809 iprae
366 1739 408 1790 ert
422 1732 488 1792 Rex
502 1732 621 1809 gloriae.

206 1829 291 1890 Tunc
310 1831 485 1908 aperientur
505 1829 607 1889 hostia
628 1838 662 1889 et
685 1827 821 1888 canenda
844 1833 894 1887 est
914 1822 1085 1903 antiphona
1099 1823 1263 1884 Arboua

144 1924 238 1982 sancti
254 1923 324 1998 Dei,
343 1922 528 2001 ingredimini
549 1924 580 1983 in
599 1924 711 1984 domm
730 1920 858 1993 Domini,
884 1939 952 1980 cum
973 1919 1091 1997 psalmo
1116 1915 1265 1977 Laetam

144 2037 206 2076 som
229 2018 260 2079 io
279 2018 324 2078 lie
346 2038 420 2098 quac
444 2018 523 2077 dioto
545 2026 611 2079 scot
633 2018 703 2078 mili
729 2025 762 2077 et
789 2021 898 2075 cetera
940 2012 983 2072 llt
1010 2012 1063 2071 ille
1091 2013 1146 2091 qui
1175 2014 1263 2091 prins

144 2110 247 2171 luerat
275 2114 360 2172 intus
387 2112 473 2190 qnasi
500 2111 620 2190 fugiens
648 2112 821 2190 egrediatur
849 2109 888 2168 ad
910 2107 987 2167 illud
1008 2106 1145 2165 hostiurn
1168 2106 1262 2178 foras,

146 2202 259 2262 iterum
286 2206 477 2282 ingressurus
504 2224 559 2283 per
586 2206 718 2284 primum
745 2202 880 2263 hostium
908 2201 1040 2260 vestitus
1062 2199 1263 2259 vestimentis

146 2298 365 2360 ecclesiasticis.

207 2392 289 2451 Dum
302 2392 473 2469 ingreditur
486 2391 626 2470 pontifex
640 2391 798 2451 ecclesiam
812 2390 888 2450 dicit
902 2389 1069 2449 orationem

204 2486 327 2545 Domum
341 2493 419 2544 tuom
433 2484 555 2544 Domine
569 2484 717 2544 clementer
738 2530 745 2543 .
770 2531 776 2546 .
801 2532 807 2546 .

203 2580 264 2638 Illa
286 2580 374 2638 finita
396 2580 504 2656 incipit
527 2580 638 2638 iterum
660 2579 700 2637 ab
725 2580 826 2639 hostio
845 2576 885 2636 od
906 2583 1025 2655 partem
1047 2575 1262 2652 aquilonarem

142 2671 183 2728 ab
219 2672 302 2729 intus
335 2689 496 2747 aspergere
530 2690 647 2748 aquam,
684 2670 887 2748 antiphonam
923 2672 1052 2726 canente
1080 2663 1175 2724 Booti
1212 2668 1264 2746 qai

144 2763 274 2824 habitant
298 2764 329 2822 in
350 2765 430 2822 domo
452 2772 512 2835 tuo,
535 2763 672 2836 Domine,
691 2783 760 2823 cum
785 2764 900 2842 psalmo
919 2761 1012 2834 Ουαηι
1034 2759 1141 2819 dilecto
1168 2761 1264 2820 wher-

143 2858 250 2918 occclo
272 2866 332 2932 too,
356 2857 487 2931 Domine,
514 2857 681 2937 usquedum
708 2859 794 2936 prius
817 2856 1028 2917 circumeundo
1046 2855 1127 2914 sient
1144 2875 1166 2912 a
1186 2855 1263 2916 ioris

142 2958 315 3034 pervenerit
328 2957 367 3016 ad
381 2956 523 3029 hostium,
534 2965 566 3016 et
580 2957 655 3016 dicit
669 2958 835 3017 orationem

206 3049 563 3130 Deieeqoiioomoilooo
584 3097 592 3112 .
615 3095 653 3108 ..

208 3146 251 3203 Et
278 3146 321 3204 sic
344 3145 456 3204 iterum
484 3144 688 3204 circumiendo
715 3150 763 3203 est
790 3163 858 3203 cnm
886 3140 1060 3219 supradicta
1087 3141 1261 3219 antiphona

144 3244 177 3299 et
215 3238 319 3300 eodem
357 3238 473 3317 psalmo
508 3257 603 3317 usque
637 3237 676 3296 ad
707 3237 786 3297 idem
821 3236 954 3296 hostium
983 3240 1016 3294 et
1047 3233 1179 3295 dicenda
1213 3244 1261 3295 est

143 3335 243 3394 oratio

205 3428 609 3508 Desuqoiloonoomioituo
631 3473 638 3488 .
660 3472 698 3490 ..

210 3526 253 3585 Et
266 3547 335 3587 cum
350 3528 443 3587 tertio
456 3527 592 3587 lustrata
605 3526 700 3586 fuerit
714 3528 753 3585 ob
767 3526 853 3585 intus
866 3524 945 3583 sicut
958 3522 1056 3600 primo
1069 3527 1102 3580 et
1115 3520 1264 3595 secundo,

147 3619 277 3680 dicendo
289 3627 339 3680 est
352 3622 451 3681 oratio

207 3713 289 3772 Deae
302 3715 352 3792 qui
364 3714 593 3776 sanandorum.
616 3761 623 3776 .
647 3761 654 3776 .

208 3806 294 3866 Tunc
307 3808 419 3868 iterum
436 3809 562 3885 incipiet
579 3807 679 3866 clerus
698 3805 864 3864 laetaniam
884 3803 991 3881 positis
1008 3801 1146 3879 reliquiis
1168 3809 1262 3862 extra

148 3901 248 3960 velum
263 3901 342 3980 quod
364 3910 524 3962 extensum
544 3907 591 3961 eet
610 3903 691 3960 inter
710 3899 814 3959 aedem
832 3905 865 3959 et
885 3897 992 3958 altare.
1035 3895 1103 3968 Quo
1126 3907 1263 3958 canente

146 3994 318 4072 ingreditur
352 3997 490 4074 pontifex
523 4017 591 4057 cum
624 3995 779 4073 deputatis
807 3993 956 4052 ministris
983 3993 1067 4051 intra
1096 3991 1202 4053 velum
1230 4003 1263 4053 et

144 4088 221 4148 facit
250 4090 383 4149 maldam
411 4091 448 4150 de
468 4111 550 4168 aqua
575 4091 765 4149 sanctificata
788 4088 870 4150 unde
892 4087 1090 4147 recludantur
1114 4088 1265 4168 reliquiae
