2814 4816
478 412 544 460 run
564 411 729 461 ammona
752 411 846 461 urea
1153 394 1215 457 199

165 552 215 609 Pro
233 558 355 617 Emlaeia
372 570 418 619 tua
435 570 528 620 aanota
545 563 686 634 amorim,
704 580 772 635 quae
790 563 835 619 hio
852 570 881 620 et
898 580 945 636 per
957 563 1110 619 universum
1122 563 1214 620 orbem

108 630 205 691 diffusa
216 647 266 708 eat,
277 660 426 715 precamur,
438 652 490 705 eto.

162 717 214 775 Pro
231 739 302 796 papa
318 733 411 784 noetro
429 730 495 784 illo¹
513 734 541 784 et
557 729 629 785 omni
646 728 718 784 clero
732 728 790 799 ejua
803 728 978 800 omnibnaqne
989 728 1171 785 cacerdotibus
1181 745 1214 785 ao

110 798 244 876 ministris,
255 826 395 880 precamur
412 853 420 868 .
437 853 446 869 .
464 854 472 869 .

163 885 214 943 Pro
232 889 333 949 famulo
351 901 398 951 tuo
414 898 462 952 illo
476 896 636 968 inperatore
648 902 677 952 et
688 895 788 952 famma
799 902 846 953 tna
857 896 910 953 illo
921 896 1089 969 imperatrice
1101 903 1129 953 et
1141 896 1216 953 omni

110 971 229 1028 exercitu
241 992 342 1047 eornm,
354 996 494 1050 precamur
511 1022 519 1036 .
537 1022 545 1036 .
563 1022 571 1037 .

163 1050 214 1110 Pro
232 1073 299 1128 pace
317 1060 484 1131 eclesiarum,
503 1062 645 1119 vocatione
664 1062 784 1134 gentium
805 1068 833 1119 et
854 1062 945 1136 quiete
965 1062 1134 1137 populorum,
1155 1081 1216 1137 pra·

111 1147 205 1191 camur
222 1181 229 1195 .
248 1181 256 1195 .
276 1182 283 1196 .

163 1220 214 1278 Pro
231 1225 310 1298 plebe
328 1229 379 1286 lrao
396 1239 426 1288 et
442 1233 644 1289 conversatione
664 1232 722 1305 ejna
739 1232 917 1305 omnibusque
933 1232 1115 1290 habitantrlrue
1131 1234 1160 1290 in
1174 1252 1216 1304 oa,

109 1317 274 1372 precamur.
295 1351 302 1366 .
321 1353 329 1369 .

162 1389 215 1447 Pro
242 1412 336 1453 aarum
364 1399 493 1474 temperie
522 1417 556 1458 ao
585 1399 721 1457 fruetuum
747 1407 776 1457 et
799 1400 963 1458 fecunditate
991 1408 1130 1474 terrarum,
1156 1420 1215 1476 pre·

111 1487 190 1527 eamn

163 1492 215 1612 Prro
247 1561 400 1635 virginibus,
437 1565 534 1638 ridnie,
570 1566 677 1637 orfanis,
714 1566 828 1640 capiiria
863 1583 897 1622 aa
932 1568 1121 1640 penitentibus,
1154 1587 1215 1642 pra·

112 1655 205 1696 camur
222 1683 230 1698 .
249 1683 284 1702 ..

161 1726 214 1784 Pro
229 1733 424 1805 navigantibus,
436 1734 488 1791 iter
502 1735 650 1807 agantrlrm,
663 1735 691 1791 in
703 1735 862 1804 carceribus,
874 1737 902 1790 in
915 1736 1036 1807 vinculis,
1049 1737 1077 1792 in
1090 1738 1214 1807 metallis,

110 1806 137 1861 in
148 1809 234 1867 exiliie
246 1817 403 1889 constitutis,
416 1836 558 1891 precamur
575 1861 582 1875 .
602 1861 609 1877 .
631 1861 637 1874 .

161 1892 212 1949 Pro
245 1896 287 1952 hie
316 1900 361 1970 qni
390 1901 502 1957 divamia
531 1901 729 1967 infirmitatibua
758 1903 919 1973 detinentur,
949 1904 1051 1977 quique
1078 1906 1216 1977 spiritibus

110 1984 242 2032 vexantur
253 1980 394 2053 inmundis,
408 2002 548 2055 precamur
567 2027 574 2042 .
594 2027 601 2040 .
621 2026 627 2040 .

162 2059 213 2116 Pro
236 2063 277 2119 hie
297 2066 342 2136 qui
362 2069 390 2122 in
410 2075 504 2124 nancta
524 2075 572 2124 tua
592 2069 697 2125 lilcleaia
717 2069 819 2125 fructus
840 2068 1036 2125 misericordiae
1056 2070 1211 2143 larffl'uutun

108 2155 249 2208 precamur
266 2185 273 2199 .
293 2187 299 2201 .
319 2188 326 2202 .

162 2224 267 2282 Exaudi
285 2247 334 2285 noe
352 2232 434 2302 Deua,
453 2231 480 2286 in
499 2233 571 2288 omni
589 2235 710 2289 oratione
727 2240 808 2306 atquc
828 2233 1016 2306 deprecatione
1034 2242 1133 2306 noetra,
1152 2254 1214 2309 pre-

107 2326 287 2452 camiiiroainiuir
305 2416 413 2455 omnes:
433 2400 548 2456 Domine
566 2399 699 2457 mineram.
735 2400 831 2471 Ky(rie
850 2399 971 2472 eleison),
983 2402 1081 2473 Ky(rie
1093 2401 1216 2475 eleison),

108 2475 205 2548 Ky(rie
216 2477 338 2551 eleison).

172 2691 214 2753 In
240 2690 297 2755 the
324 2690 430 2756 Stowe
451 2692 576 2771 Miseni
599 2693 822 2779 representing
846 2694 903 2758 the
926 2695 1012 2759 Irieh
1035 2716 1101 2774 use,
1125 2698 1216 2764 thera

106 2794 134 2858 ia
160 2816 180 2858 a
205 2816 283 2880 very
307 2795 431 2861 similar
456 2797 563 2883 litany
590 2798 734 2863 between
757 2797 815 2864 tha
839 2797 965 2882 Epiatle
994 2799 1060 2864 and
1084 2800 1214 2887 Goepel.

106 2898 141 2963 It
155 2897 183 2963 ia
197 2919 233 2964 as
248 2899 373 2966 follows
384 2898 460 2966 ⁹:-

155 3126 282 3183 Dicamus
300 3144 410 3184 omnen:
432 3130 448 3159 “
456 3127 570 3183 Domine
587 3126 685 3183 exandi
698 3133 727 3182 et
738 3125 872 3197 mirerere,
886 3126 1001 3183 Domine
1012 3125 1164 3199 miserare,”
1176 3148 1211 3186 ex

103 3216 162 3266 toto
174 3209 254 3265 corde
265 3218 294 3266 et
305 3228 339 3266 ex
351 3217 409 3266 tota
421 3218 520 3267 mente.

157 3294 208 3359 Qui
226 3294 333 3366 respicis
350 3312 430 3367 aupar
446 3301 587 3368 terram-et
598 3294 663 3350 sacia
675 3312 735 3351 eam
747 3294 1019 3350 tremore-Oramus
1032 3294 1072 3366 [te
1084 3296 1209 3368 Domine,

103 3376 202 3432 exaudi
214 3384 242 3432 et
252 3378 412 3451 minorare].³

157 3461 180 3515 1.
212 3460 263 3515 Pro
291 3459 421 3517 altissima
444 3478 511 3534 pace
534 3467 563 3517 et
586 3459 776 3532 tranquillitate
800 3467 951 3533 temporum
976 3468 1135 3532 noatromm,
1160 3479 1210 3535 pro

153 3647 161 3676 ¹
179 3647 237 3698 'l'he
246 3647 409 3713 Arohbiahop
420 3649 449 3699 ol
458 3649 550 3700 Milan.

152 3725 163 3754 ²
180 3724 296 3787 Warren,
309 3724 360 3777 Tira
370 3726 480 3793 Idtarpy
489 3728 519 3794 of
527 3728 567 3778 aa
579 3726 655 3779 Celtic
667 3726 774 3785 clarel,
785 3741 810 3790 p.
822 3726 878 3777 229.

152 3803 163 3832 ⁸
179 3803 211 3851 In
229 3802 275 3852 tha
292 3802 377 3854 Stoura
395 3803 487 3854 Mlaaal
502 3804 566 3854 each
578 3819 650 3857 verae
666 3804 689 3855 la
703 3801 822 3853 followed
837 3802 871 3867 by
883 3801 928 3853 the
940 3800 1009 3853 word
1022 3800 1130 3852 Oramaa
1140 3802 1210 3868 only.

102 3881 127 3930 Δ
145 3879 233 3930 Fulda
253 3881 420 3945 manueoript,
437 3880 534 3946 quotod
555 3881 590 3946 by
612 3882 686 3931 Bona
703 3880 774 3943 (liar.
792 3879 902 3945 Iliturp,
918 3878 946 3929 ii.
964 3881 989 3938 4,
1006 3880 1020 3943 5
1038 3878 1075 3941 3),
1092 3880 1211 3929 containa

102 3957 147 4008 tlre
163 3973 234 4009 eume
251 3958 357 4023 Litauy,
373 3959 438 4009 with
454 3975 471 4009 a
486 3959 537 4009 sorr
553 3958 636 4024 slight
659 3958 806 4011 nmatione.
847 3956 879 4006 In
896 3956 919 4007 it
933 3956 955 4006 it
971 3955 995 4005 le
1010 3970 1072 4006 eeen
1089 3956 1147 4007 that
1164 3956 1211 4007 the

102 4035 243 4100 formulary
262 4035 352 4086 nithe
368 4037 500 4101 ltneponae
517 4036 601 4102 ought
622 4040 650 4088 to
667 4037 699 4087 be
720 4034 864 4100 eompletad
882 4049 912 4086 aa
934 4033 948 4084 1
970 4032 1039 4085 hara
1054 4033 1117 4085 hera
1132 4035 1210 4099 given

102 4112 124 4162 it
135 4112 180 4176 (cl.
192 4112 309 4174 Warren,
319 4128 345 4177 p.
355 4113 425 4176 252).
