2814 4816
144 379 209 444 440
254 394 433 446 onersrnn
456 393 627 445 woaann:
650 393 703 442 rus
724 393 841 443 osiam
863 388 1157 442 anomoeusion.

143 551 267 610 emenda
286 559 328 611 eat
350 561 382 610 ut
400 561 529 627 purgetur
545 561 574 611 et
596 552 699 611 omah'o
713 553 752 626 (l)
781 553 931 612 amantia
980 551 1110 618 cramus
1144 549 1221 606 enim
1246 565 1265 603 a

143 637 243 694 divitiis
263 639 389 695 bonitatis
408 645 438 695 et
457 639 565 713 pietatis
585 639 636 696 Dei
656 638 722 694 nihil
746 637 875 711 temporis
898 642 987 706 vacet,
1011 651 1085 691 nunc
1114 643 1216 691 tamen
1234 638 1263 689 et

144 721 243 794 largior
271 731 312 780 est
341 741 389 796 per
414 723 609 795 indulgentiam
637 721 756 778 remissio
786 727 960 794 peccatomm
986 726 1016 776 ct
1045 718 1188 791 copiosior
1217 735 1266 791 per

144 807 258 878 gratiam
287 807 437 881 adsumptio
464 808 670 864 renascentium.
718 809 856 879 augemur
887 805 1084 877 regenerandis,
1112 803 1264 861 crescimus

145 893 274 962 reversis;
302 891 394 948 lavant
417 909 514 964 aquae,
537 892 631 948 lavant
653 892 803 962 lacrymae;
833 890 897 946 inde
921 891 1048 962 gaudium
1074 889 1108 944 da
1133 888 1265 960 ademp-

145 975 219 1030 tione
240 983 403 1046 vocatorum,
425 977 487 1033 hinc
511 976 614 1033 laetitia
634 977 667 1033 de
689 975 854 1032 absolutione
878 975 1081 1047 paenitentiam.
1131 974 1203 1029 Inde
1222 979 1266 1028 eet

146 1058 217 1129 quod
236 1059 349 1132 supplex
370 1065 440 1126 tuus,
461 1066 554 1132 postea
582 1077 665 1132 quam
689 1060 716 1113 in
736 1059 824 1114 varias
843 1058 943 1113 formas
962 1057 1104 1113 criminum
1135 1056 1264 1128 neglectu

147 1142 333 1198 mendatorum
362 1143 515 1198 caelestium
539 1151 568 1199 et
588 1160 693 1197 morum
718 1142 895 1215 probabilium
916 1141 1126 1211 transgressione
1153 1139 1263 1206 cecidit,

148 1224 302 1282 humiliatus
325 1233 406 1300 etque
427 1234 574 1300 prostratus
592 1226 748 1299 prophetica
771 1226 806 1281 ad
824 1227 913 1281 Deum
932 1242 999 1280 voce
1020 1225 1130 1292 clamat,
1154 1226 1265 1281 dicens:

149 1311 268 1378 Peccavi‚
288 1316 373 1383 impie
396 1317 446 1383 epi,
468 1317 644 1385 iniquitaten
661 1315 727 1383 feti,
752 1314 875 1367 mearat
898 1314 952 1365 mci
975 1311 1099 1375 Domine,
1125 1309 1266 1380 evangeli·

148 1410 208 1448 cam
227 1412 322 1450 vocem
341 1412 396 1450 non
415 1395 583 1450 fmshatoria
605 1413 669 1450 anre
688 1395 812 1466 capiens:
832 1396 916 1449 Beati
935 1399 985 1467 pai
1005 1395 1107 1465 lugeat,
1128 1399 1265 1466 quoniam

148 1480 204 1547 ipsi
227 1480 442 1535 consolabantur.
494 1478 675 1548 Manducavit,
697 1479 767 1533 sicut
794 1478 923 1550 scriptum
947 1484 996 1544 est,
1018 1495 1118 1549 panem
1145 1476 1264 1545 doloris;

148 1557 275 1629 lacrymis
299 1566 410 1616 suatum
429 1560 543 1632 rigavit3
569 1578 616 1616 cor
639 1579 717 1615 suum
739 1561 821 1629 luctu,
843 1577 939 1631 corpus
962 1558 1067 1615 adflixit
1087 1560 1209 1632 jejuniis,
1234 1566 1267 1615 ut

148 1641 253 1696 animae
277 1659 341 1696 suae
364 1643 496 1714 reciperet
524 1660 606 1714 quam
636 1642 790 1714 perdiderat
819 1642 972 1697 unitatem.
1026 1641 1148 1698 Unicum
1173 1643 1265 1714 itaque

149 1729 191 1778 est
214 1725 396 1795 paenitentiae
420 1724 584 1796 suffugium,
606 1726 678 1798 quod
702 1733 731 1781 et
754 1723 865 1796 singulis
888 1724 998 1796 prodest
1026 1731 1056 1780 ot
1079 1725 1207 1780 ommbns
1238 1727 1267 1780 in

148 1823 290 1863 commune
314 1809 452 1864 succurrit.
500 1808 553 1865 Hic
578 1828 641 1881 ergo
664 1811 729 1866 dum
753 1809 789 1864 ad
812 1809 991 1881 paenitudinis
1019 1809 1159 1865 actionem
1180 1810 1266 1865 tantis

149 1891 283 1946 excitatur
304 1893 442 1966 exemplis,
470 1894 520 1949 sub
544 1900 689 1966 conspectu
719 1893 916 1964 ingemiscentis
940 1893 1076 1964 ecclesiae,
1101 1893 1268 1949 venerabdia

149 1975 282 2044 Pontifex,
301 1984 463 2049 protestatur
484 1984 512 2032 et
531 1977 610 2033 dicit:
629 1980 795 2050 iniquitates
812 1997 883 2033 rame
900 1997 944 2049 epo
961 1996 1073 2050 agnosco
1090 1984 1115 2032 et
1134 1978 1267 2033 ἀοὶίάιιιη

149 2078 238 2115 meam
261 2069 355 2117 contra
379 2080 420 2116 ate
440 2069 478 2117 est
498 2079 605 2133 seraper.
651 2063 748 2117 Aceste
763 2061 869 2130 faciem
892 2069 971 2116 taam
995 2080 1014 2116 a
1039 2065 1161 2132 pacatis
1190 2065 1268 2130 maia

150 2143 275 2208 Domine,
295 2149 319 2198 et
336 2162 426 2199 omnes
446 2147 606 2215 iniquitates
630 2161 702 2200 omo
725 2144 789 2199 dele.
826 2144 919 2199 Redde
939 2145 1009 2199 mibi
1029 2145 1170 2198 laetitiam
1190 2145 1267 2198 sala

149 2229 219 2281 tario
240 2229 283 2281 tui
306 2233 331 2281 et
349 2229 453 2297 spiritu
470 2228 625 2298 principali
649 2228 781 2296 confirma
801 2245 850 2282 me.
898 2227 956 2291 Quo
980 2226 1019 2281 ita
1042 2225 1217 2299 supplicante
1239 2234 1269 2282 et

150 2309 357 2366 misericordiam
381 2311 431 2365 Dei
455 2311 563 2366 adflicto
585 2309 665 2366 corde
687 2316 822 2383 poscente,
841 2309 991 2381 redintegra
1010 2310 1037 2365 in
1055 2328 1097 2376 eo,
1115 2311 1268 2382 apostolice

151 2391 282 2463 Pontifex,
313 2393 439 2466 quicquid
476 2394 582 2450 diabolo
613 2394 750 2449 scindente
786 2399 940 2466 corruptum
970 2400 1025 2463 est;
1056 2400 1085 2449 et
1110 2395 1268 2450 orationum

150 2487 255 2537 tuamm
286 2482 513 2554 patrocinantibus
543 2482 654 2549 meritis,
681 2499 729 2554 per
757 2481 864 2537 divinae
898 2481 1121 2538 reconciliationis
1150 2484 1268 2555 gratiam

150 2566 193 2621 iac
218 2566 352 2622 hominem
382 2568 535 2640 proximum
564 2569 640 2639 Deo;
677 2574 709 2623 ut
728 2568 773 2639 qui
789 2574 870 2624 antea
901 2569 929 2623 in
956 2569 1010 2625 suis
1039 2571 1268 2641 perversitatibus

150 2648 317 2721 displicebat,
335 2667 406 2705 nunc
424 2654 481 2722 jam
501 2651 607 2723 placere
626 2668 656 2706 se
678 2651 794 2706 Domino
819 2651 846 2706 in
867 2651 976 2721 regione
995 2653 1137 2709 vivorum¹
1157 2655 1270 2712 devicto

152 2731 245 2787 mortis
257 2750 321 2788 suae
333 2739 445 2789 auctore
457 2733 615 2804 gratuletur.

217 2924 285 2990 The
314 2923 425 3010 Popel
461 2927 541 2991 then
573 2927 780 2994 admonishcs
817 2929 873 2996 the
902 2929 1061 3015 penitent,
1090 2930 1200 2997 either
1232 2934 1270 2998 in

152 3048 267 3112 person
289 3049 325 3093 or
346 3030 487 3115 through
509 3052 529 3095 a
550 3032 660 3115 priest,
675 3031 741 3096 and
763 3032 846 3098 efter
868 3033 941 3098 thet
961 3033 1078 3100 recites
1098 3054 1118 3098 a
1136 3056 1271 3121 prayer,

152 3133 302 3199 followed
317 3135 362 3217 by
376 3134 512 3201 another
527 3135 563 3200 of
574 3136 778 3202 Eucharistic
792 3137 958 3203 character
966 3135 1023 3187 ⁸-

208 3322 317 3391 Adesto,
336 3323 458 3394 Domine,
479 3323 716 3396 supplicationibus
735 3325 832 3381 nostris
860 3331 888 3382 et
912 3343 963 3398 me
982 3327 1028 3399 qui
1050 3329 1132 3385 etiarn
1164 3332 1274 3389 miseri-

152 3407 243 3462 cordia
267 3413 314 3461 tua
335 3406 435 3478 primus
459 3408 576 3479 indigeo,
599 3409 746 3465 clementer
768 3409 883 3477 exaudi,
906 3416 1035 3483 utquam
1056 3430 1111 3468 non
1129 3412 1272 3474 electione

205 3657 211 3686 ¹
230 3657 300 3708 Here
312 3657 358 3708 the
369 3656 567 3721 Sacramentary
578 3656 643 3707 adde
654 3674 719 3717 cam,
729 3656 815 3707 which
827 3657 875 3708 has
886 3673 920 3708 no
930 3672 1012 3709 sense.

202 3735 212 3763 ²
229 3734 290 3785 Post
308 3736 353 3785 boc
369 3736 519 3786 admetiatur
534 3735 566 3784 ab
581 3737 695 3802 epiaowo
712 3737 763 3786 aive
779 3737 833 3785 alio
849 3737 972 3785 sacerdote
990 3739 1020 3785 at
1035 3737 1101 3802 quod
1117 3741 1278 3803 passm

153 3812 233 3862 diluit
254 3812 370 3861 iteratae
391 3829 440 3860 raon
462 3816 559 3863 maaet.
601 3811 666 3862 Iride
687 3828 742 3863 cera
763 3814 809 3862 baa
830 3813 895 3863 dicit
914 3815 1039 3863 craticius
1059 3815 1175 3866 woerda·
1195 3833 1277 3887 uper

153 3904 217 3938 mera

207 3965 217 3995 ⁸
234 3965 300 4016 Thia
316 3971 375 4031 part
396 3968 424 4016 of
445 3967 491 4017 the
513 3967 654 4032 formulary
670 3968 693 4017 ie
712 3967 794 4017 found
815 3982 909 4030 among
925 3967 971 4018 the
986 3967 1166 4032 supplements
1181 3974 1211 4023 ot
1227 3976 1278 4028 the

159 4041 304 4105 Gregorian
321 4043 519 4109 Sacramentary
529 4045 592 4108 (No.
603 4046 656 4108 99),
673 4044 719 4095 the
736 4044 851 4096 venante
867 4045 896 4095 ol
913 4043 998 4094 which
1015 4059 1060 4095 are
1078 4047 1158 4098 noted
1174 4064 1209 4100 ou
1227 4052 1279 4103 the

157 4121 221 4169 next
231 4133 306 4184 pege.
