2814 4816
587 364 759 415 urrunnu.
1169 350 1234 416 499

121 536 240 599 semper
250 519 284 581 in
298 519 482 584 Jerusclima
496 530 611 588 tenere.
653 524 715 587 Pro
728 524 940 587 sollemnitate
953 532 1056 587 antem
1070 530 1102 585 et
1116 524 1237 585 laetitia

122 616 217 693 ipsius
237 615 298 676 diei
318 616 459 678 infinitae
478 620 589 679 turbae
609 640 642 681 se
662 621 798 700 undique
822 621 974 700 colligent
996 621 1029 680 in
1048 619 1232 682 Jerusolima

122 729 185 770 non
198 711 294 771 solum
308 720 513 788 monazontes,
526 714 581 776 sed
594 722 628 775 et
640 716 721 789 laici,
734 717 793 776 viri
807 723 863 777 ant
876 717 1028 777 mulieres.

365 992 395 1053 4.
419 990 480 1054 llus
499 948 704 1056 Preeealcis'cs
725 992 809 1075 (llll
827 991 1000 1072 sumre).

183 1197 264 1259 sane
297 1198 554 1278 Quadragesimee
587 1202 627 1263 de
660 1202 856 1282 Epiphania¹
891 1200 982 1260 valde
1015 1217 1085 1259 eum
1113 1216 1232 1258 summo

122 1291 235 1352 honore
251 1292 301 1352 hic
321 1294 524 1355 celebrantur.
567 1296 649 1356 Nam
669 1295 775 1357 eadem
788 1296 839 1356 die
851 1295 1001 1373 processio
1019 1293 1120 1352 estin
1132 1292 1233 1351 Anas

122 1393 198 1460 tase,
212 1393 246 1446 et
258 1407 363 1449 ornnes
376 1389 547 1468 procedunt
566 1397 600 1450 et
620 1388 727 1451 ordine
746 1397 883 1470 aguntur
903 1390 1005 1450 omnia
1025 1406 1093 1447 cum
1114 1405 1232 1445 summa

122 1481 253 1555 laetitia,
275 1501 311 1540 ae
334 1484 361 1542 ei
383 1504 437 1563 per
458 1483 584 1544 Pascha.
627 1484 793 1545 Predicant
812 1485 906 1545 etiam
928 1501 1031 1544 omnes
1048 1480 1230 1560 presbyteri,

122 1581 156 1633 et
182 1576 226 1634 sic
254 1577 421 1657 episcopus,
443 1597 561 1656 semper
584 1579 623 1638 de
646 1599 682 1639 eo
705 1580 771 1639 loco
791 1583 963 1639 tractantes
990 1575 1149 1652 evangelii,
1174 1573 1229 1633 ubi

122 1669 354 1747 quadragesima
367 1672 418 1732 die
431 1673 572 1733 tulerunt
586 1673 752 1733 Dominum
767 1675 800 1732 in
813 1673 929 1751 templo
942 1670 1056 1749 Joseph
1070 1674 1104 1729 et
1118 1668 1231 1739 Maria,

123 1771 156 1822 et
180 1763 327 1825 viderunt
347 1785 416 1825 eum
439 1766 571 1845 Symeon
592 1767 642 1826 vel
662 1768 755 1827 Anna
779 1767 969 1846 prophetissa
991 1765 1057 1825 filia
1079 1760 1231 1835 Samuhel,

122 1863 155 1915 et
169 1856 207 1916 de
221 1858 322 1917 verbis
341 1879 538 1939 eorumquae
552 1861 700 1921 dixerunt
712 1863 779 1921 vise
793 1862 931 1933 Domino,
947 1859 996 1920 vel
1017 1860 1056 1919 de
1075 1857 1232 1918 oblatione

122 1952 189 2029 ipsa
222 1972 313 2029 quam
344 1955 525 2015 obtulerunt
559 1961 710 2033 parentes
768 1954 811 2014 Et
845 1952 1035 2033 postmodum
1070 1951 1233 2010 celebratis

122 2044 263 2104 omnibus
284 2066 339 2123 per
362 2048 499 2108 ordinem
508 2049 531 2089 (ὓ
544 2069 622 2127 quae
642 2049 862 2111 consuetudine
882 2055 965 2120 sunt,
979 2052 1115 2125 aguntur
1135 2063 1232 2104 sacra·

122 2143 238 2210 menta,
248 2146 282 2197 et
294 2141 338 2200 sic
352 2142 388 2200 fit
402 2142 501 2201 missa.

650 2473 709 2536 IV.

630 2658 727 2719 Lern.

184 2836 265 2895 Item
293 2833 357 2894 dies
384 2833 541 2912 paschales
568 2854 637 2894 eum
659 2835 808 2908 venerint,
834 2835 1029 2896 celebrantur
1057 2838 1108 2898 sic.
1151 2837 1232 2897 Nam

123 2930 204 2989 sicut
231 2927 312 3006 apud
340 2947 395 2987 nos
422 2927 669 3006 quadragesimae
697 2935 771 2989 ante
798 2929 916 2989 Pascha
943 2929 1159 3006 attenduntur,
1187 2934 1234 2991 ita

123 3024 172 3084 hic
198 3030 268 3083 octo
295 3024 506 3100 septimanas²
539 3022 745 3083 attenduntur
779 3030 853 3084 ante
887 3024 1011 3085 Pascha.
1067 3025 1233 3104 Propterea

123 3126 226 3179 autem
254 3124 324 3178 octo
351 3119 518 3194 septimane
545 3117 767 3189 adtenduntur‚
791 3120 863 3197 quia
885 3118 1043 3178 dominicis
1065 3118 1173 3179 diebus
1199 3127 1232 3180 et

123 3213 252 3272 sabbate
274 3232 337 3272 non
358 3210 546 3289 jejunantur,
571 3218 698 3290 excepta
722 3232 784 3272 una
809 3213 858 3273 die
882 3214 1004 3273 sabbati
1028 3233 1090 3292 qua
1111 3214 1233 3291 vigiliae

122 3306 280 3385 paschales
301 3313 374 3365 sunt
395 3312 428 3364 et
450 3325 571 3366 necesse
590 3312 638 3365 est
656 3306 811 3385 jejunari;
831 3313 921 3366 extra
941 3308 1039 3385 ipsum
1059 3327 1132 3386 ergo
1151 3305 1232 3367 diem

123 3403 247 3479 penitus
260 3419 423 3477 numquam
438 3399 487 3459 hic
498 3407 565 3459 tcto
578 3419 668 3472 anne,
683 3400 813 3458 sabbato
823 3399 993 3478 jejunatur.
1035 3402 1081 3459 Ac
1101 3401 1143 3459 sic
1159 3418 1232 3477 ergo

124 3494 161 3554 de
188 3501 257 3553 octo
283 3495 461 3571 septimanis
484 3493 623 3553 deductis
649 3501 718 3553 octo
745 3493 853 3553 diebus
880 3492 1038 3552 dominicis
1060 3500 1093 3552 et
1114 3499 1232 3570 septem

126 3588 262 3647 sabbatis
290 3588 373 3666 (quia
400 3606 522 3648 necesse
547 3595 596 3648 est
623 3608 685 3648 una
712 3588 833 3646 sabbati
863 3586 1005 3665 jejunari,
1032 3593 1069 3646 ut
1095 3587 1234 3665 superius

561 3806 597 3878 (r)
615 3806 723 3863 ordines
733 3807 790 3864 cod.

596 4019 605 4051 ¹
623 4017 665 4072 Gi.
676 4033 701 4084 p.
714 4020 772 4070 272.

593 4096 605 4126 '
620 4095 662 4149 (ll.
672 4111 697 4162 p.
708 4096 766 4148 243.
