<?xml version="1.0" encoding="UTF-8"?>
<!DOCTYPE html PUBLIC "-//W3C//DTD XHTML 1.0 Transitional//EN"
    "http://www.w3.org/TR/xhtml1/DTD/xhtml1-transitional.dtd">
<html xmlns="http://www.w3.org/1999/xhtml" xml:lang="en" lang="en">
 <head>
  <title>
</title>
<meta http-equiv="Content-Type" content="text/html;charset=utf-8" />
  <meta name='ocr-system' content='tesseract 3.04.00' />
  <meta name='ocr-capabilities' content='ocr_page ocr_carea ocr_par ocr_line ocrx_word'/>
</head>
<body>
  <div class='ocr_page' id='page_1' title='image "./christianworshi01mcclgoog_0510.png"; bbox 0 0 2814 4816; ppageno 0'>
   <div class='ocr_carea' id='block_1_1' title="bbox 613 407 1252 472">
    <p class='ocr_par' dir='ltr' id='par_1_1' title="bbox 613 407 1252 472">
     <span class='ocr_line' id='line_1_1' title="bbox 613 407 1252 472; baseline 0.003 -3"><span class='ocrx_word' id='word_1_1' title='bbox 613 422 784 472; x_wconf 76' lang='lat' dir='ltr'><strong>ieennmx.</strong></span> <span class='ocrx_word' id='word_1_2' title='bbox 1189 407 1252 471; x_wconf 83' lang='lat'><strong>489</strong></span> 
     </span>
    </p>
   </div>
   <div class='ocr_carea' id='block_1_2' title="bbox 73 578 1254 3011">
    <p class='ocr_par' dir='ltr' id='par_1_2' title="bbox 146 578 1254 830">
     <span class='ocr_line' id='line_1_2' title="bbox 147 578 1253 664; baseline 0.007 -27"><span class='ocrx_word' id='word_1_3' title='bbox 147 578 180 637; x_wconf 93' lang='lat' dir='ltr'><strong>in</strong></span> <span class='ocrx_word' id='word_1_4' title='bbox 199 578 392 641; x_wconf 81' lang='lat' dir='ltr'><strong>confessione.</strong></span> <span class='ocrx_word' id='word_1_5' title='bbox 435 581 520 641; x_wconf 87' lang='lat' dir='ltr'><strong>Tunc</strong></span> <span class='ocrx_word' id='word_1_6' title='bbox 540 583 663 643; x_wconf 73' lang='lat' dir='ltr'><strong>veniens</strong></span> <span class='ocrx_word' id='word_1_7' title='bbox 684 584 723 643; x_wconf 80' lang='lat' dir='ltr'><strong>ed</strong></span> <span class='ocrx_word' id='word_1_8' title='bbox 745 584 852 657; x_wconf 77' lang='lat' dir='ltr'><strong>eltnre,</strong></span> <span class='ocrx_word' id='word_1_9' title='bbox 867 602 1032 664; x_wconf 70' lang='lat' dir='ltr'><strong>aspergens</strong></span> <span class='ocrx_word' id='word_1_10' title='bbox 1053 584 1130 645; x_wconf 86' lang='lat' dir='ltr'><strong>illud</strong></span> <span class='ocrx_word' id='word_1_11' title='bbox 1153 585 1253 645; x_wconf 75' lang='lat' dir='ltr'><strong>tribue</strong></span> 
     </span>
     <span class='ocr_line' id='line_1_3' title="bbox 146 676 1254 759; baseline 0.005 -26"><span class='ocrx_word' id='word_1_12' title='bbox 146 676 263 736; x_wconf 82' lang='lat' dir='ltr'><strong>vicibus</strong></span> <span class='ocrx_word' id='word_1_13' title='bbox 285 697 365 757; x_wconf 80' lang='lat' dir='ltr'><strong>eque</strong></span> <span class='ocrx_word' id='word_1_14' title='bbox 382 678 580 751; x_wconf 76' lang='lat' dir='ltr'><strong>sanctificate,</strong></span> <span class='ocrx_word' id='word_1_15' title='bbox 596 679 668 740; x_wconf 91' lang='lat' dir='ltr'><strong>inde</strong></span> <span class='ocrx_word' id='word_1_16' title='bbox 685 680 821 759; x_wconf 78' lang='lat' dir='ltr'><strong>sequitur</strong></span> <span class='ocrx_word' id='word_1_17' title='bbox 843 680 1017 741; x_wconf 75' lang='lat' dir='ltr'><strong>benedictio</strong></span> <span class='ocrx_word' id='word_1_18' title='bbox 1029 680 1155 741; x_wconf 74' lang='lat' dir='ltr'><strong>tabulae</strong></span> <span class='ocrx_word' id='word_1_19' title='bbox 1162 679 1185 719; x_wconf 68' lang='lat'><strong>‘¹&#39;</strong></span> <span class='ocrx_word' id='word_1_20' title='bbox 1205 680 1254 740; x_wconf 81' lang='lat' dir='ltr'><strong>hie</strong></span> 
     </span>
     <span class='ocr_line' id='line_1_4' title="bbox 148 770 289 830; baseline 0.035 -5"><span class='ocrx_word' id='word_1_21' title='bbox 148 770 289 830; x_wconf 76' lang='lat' dir='ltr'><strong>verbic—</strong></span> 
     </span>
    </p>

    <p class='ocr_par' dir='ltr' id='par_1_3' title="bbox 206 862 809 946">
     <span class='ocr_line' id='line_1_5' title="bbox 206 862 809 946; baseline 0.003 -21"><span class='ocrx_word' id='word_1_22' title='bbox 206 862 361 942; x_wconf 71' lang='lat' dir='ltr'><strong>Siccclore</strong></span> <span class='ocrx_word' id='word_1_23' title='bbox 375 865 449 926; x_wconf 71' lang='lat' dir='ltr'><strong>elec</strong></span> <span class='ocrx_word' id='word_1_24' title='bbox 462 866 722 946; x_wconf 68' lang='lat' dir='ltr'><strong>repropitiamiom</strong></span> <span class='ocrx_word' id='word_1_25' title='bbox 743 911 750 926; x_wconf 92' lang='lat'><strong>.</strong></span> <span class='ocrx_word' id='word_1_26' title='bbox 773 911 780 925; x_wconf 93' lang='lat'><strong>.</strong></span> <span class='ocrx_word' id='word_1_27' title='bbox 803 912 809 926; x_wconf 91' lang='lat'><em>.</em></span> 
     </span>
    </p>

    <p class='ocr_par' dir='ltr' id='par_1_4' title="bbox 73 960 1253 1419">
     <span class='ocr_line' id='line_1_6' title="bbox 73 960 1253 1038; baseline 0.001 -19"><span class='ocrx_word' id='word_1_28' title='bbox 73 998 78 1007; x_wconf 91' lang='lat'><em>-</em></span> <span class='ocrx_word' id='word_1_29' title='bbox 207 960 286 1020; x_wconf 86' lang='lat' dir='ltr'><strong>Inde</strong></span> <span class='ocrx_word' id='word_1_30' title='bbox 313 962 446 1038; x_wconf 74' lang='lat' dir='ltr'><strong>eepcrcio</strong></span> <span class='ocrx_word' id='word_1_31' title='bbox 473 961 668 1022; x_wconf 75' lang='lat' dir='ltr'><strong>confessionis</strong></span> <span class='ocrx_word' id='word_1_32' title='bbox 695 963 785 1022; x_wconf 83' lang='lat' dir='ltr'><strong>cimnl</strong></span> <span class='ocrx_word' id='word_1_33' title='bbox 812 982 881 1022; x_wconf 88' lang='lat' dir='ltr'><strong>cum</strong></span> <span class='ocrx_word' id='word_1_34' title='bbox 910 963 1053 1022; x_wconf 90' lang='lat' dir='ltr'><strong>unctione</strong></span> <span class='ocrx_word' id='word_1_35' title='bbox 1079 961 1253 1021; x_wconf 74' lang='lat' dir='ltr'><strong>chrismatis</strong></span> 
     </span>
     <span class='ocr_line' id='line_1_7' title="bbox 144 1055 1253 1135; baseline 0.002 -21"><span class='ocrx_word' id='word_1_36' title='bbox 144 1070 197 1130; x_wconf 85' lang='lat' dir='ltr'><strong>per</strong></span> <span class='ocrx_word' id='word_1_37' title='bbox 219 1060 366 1132; x_wconf 75' lang='lat' dir='ltr'><strong>quattuor</strong></span> <span class='ocrx_word' id='word_1_38' title='bbox 389 1055 516 1133; x_wconf 75' lang='lat' dir='ltr'><strong>angulos</strong></span> <span class='ocrx_word' id='word_1_39' title='bbox 543 1055 747 1116; x_wconf 75' lang='lat' dir='ltr'><strong>confessionis.</strong></span> <span class='ocrx_word' id='word_1_40' title='bbox 789 1055 900 1117; x_wconf 77' lang='lat' dir='ltr'><strong>Postea</strong></span> <span class='ocrx_word' id='word_1_41' title='bbox 926 1063 1081 1135; x_wconf 85' lang='lat' dir='ltr'><strong>ponentur</strong></span> <span class='ocrx_word' id='word_1_42' title='bbox 1109 1056 1253 1134; x_wconf 76' lang='lat' dir='ltr'><strong>mliquice</strong></span> 
     </span>
     <span class='ocr_line' id='line_1_8' title="bbox 144 1147 1252 1228; baseline 0.004 -23"><span class='ocrx_word' id='word_1_43' title='bbox 144 1147 178 1204; x_wconf 90' lang='lat' dir='ltr'><strong>in</strong></span> <span class='ocrx_word' id='word_1_44' title='bbox 198 1147 383 1208; x_wconf 76' lang='lat' dir='ltr'><strong>confessione</strong></span> <span class='ocrx_word' id='word_1_45' title='bbox 402 1169 471 1209; x_wconf 84' lang='lat' dir='ltr'><strong>cum</strong></span> <span class='ocrx_word' id='word_1_46' title='bbox 490 1149 591 1209; x_wconf 78' lang='lat' dir='ltr'><strong>tribus</strong></span> <span class='ocrx_word' id='word_1_47' title='bbox 611 1150 770 1227; x_wconf 67' lang='lat' dir='ltr'><strong>puticulis</strong></span> <span class='ocrx_word' id='word_1_48' title='bbox 790 1151 921 1228; x_wconf 73' lang='lat' dir='ltr'><strong>corpoeis</strong></span> <span class='ocrx_word' id='word_1_49' title='bbox 942 1150 1067 1209; x_wconf 87' lang='lat' dir='ltr'><strong>Domini</strong></span> <span class='ocrx_word' id='word_1_50' title='bbox 1093 1170 1128 1209; x_wconf 80' lang='lat' dir='ltr'><strong>oc</strong></span> <span class='ocrx_word' id='word_1_51' title='bbox 1152 1151 1252 1209; x_wconf 80' lang='lat' dir='ltr'><strong>tribue</strong></span> 
     </span>
     <span class='ocr_line' id='line_1_9' title="bbox 144 1242 1253 1323; baseline 0.001 -21"><span class='ocrx_word' id='word_1_52' title='bbox 144 1243 303 1320; x_wconf 70' lang='lat' dir='ltr'>particulis</span> <span class='ocrx_word' id='word_1_53' title='bbox 328 1242 529 1303; x_wconf 74' lang='lat' dir='ltr'><strong>thimiamatis</strong></span> <span class='ocrx_word' id='word_1_54' title='bbox 556 1244 693 1304; x_wconf 75' lang='lat' dir='ltr'><strong>canendo</strong></span> <span class='ocrx_word' id='word_1_55' title='bbox 715 1244 914 1323; x_wconf 74' lang='lat' dir='ltr'><strong>antiphonam</strong></span> <span class='ocrx_word' id='word_1_56' title='bbox 934 1243 996 1304; x_wconf 74' lang='lat' dir='ltr'><strong>sut</strong></span> <span class='ocrx_word' id='word_1_57' title='bbox 1017 1243 1112 1304; x_wconf 76' lang='lat' dir='ltr'><strong>altere</strong></span> <span class='ocrx_word' id='word_1_58' title='bbox 1133 1243 1253 1303; x_wconf 76' lang='lat' dir='ltr'><strong>Domini</strong></span> 
     </span>
     <span class='ocr_line' id='line_1_10' title="bbox 144 1337 1226 1419; baseline 0 -21"><span class='ocrx_word' id='word_1_59' title='bbox 144 1339 226 1398; x_wconf 80' lang='lat' dir='ltr'><strong>cedec</strong></span> <span class='ocrx_word' id='word_1_60' title='bbox 239 1338 396 1418; x_wconf 70' lang='lat' dir='ltr'><strong>accepistis,</strong></span> <span class='ocrx_word' id='word_1_61' title='bbox 411 1338 576 1398; x_wconf 75' lang='lat' dir='ltr'><strong>intercedite</strong></span> <span class='ocrx_word' id='word_1_62' title='bbox 584 1359 641 1419; x_wconf 76' lang='lat' dir='ltr'><strong>pro</strong></span> <span class='ocrx_word' id='word_1_63' title='bbox 654 1339 734 1399; x_wconf 76' lang='lat' dir='ltr'><strong>cotie</strong></span> <span class='ocrx_word' id='word_1_64' title='bbox 747 1339 829 1419; x_wconf 82' lang='lat' dir='ltr'><strong>opud</strong></span> <span class='ocrx_word' id='word_1_65' title='bbox 842 1359 926 1418; x_wconf 78' lang='lat' dir='ltr'><strong>quem</strong></span> <span class='ocrx_word' id='word_1_66' title='bbox 938 1337 1061 1417; x_wconf 64' lang='lat' dir='ltr'><strong>olceicri</strong></span> <span class='ocrx_word' id='word_1_67' title='bbox 1073 1338 1226 1398; x_wconf 69' lang='lat' dir='ltr'><strong>meruistis.</strong></span> 
     </span>
    </p>

    <p class='ocr_par' dir='ltr' id='par_1_5' title="bbox 143 1431 1253 1881">
     <span class='ocr_line' id='line_1_11' title="bbox 206 1431 1253 1512; baseline 0 -21"><span class='ocrx_word' id='word_1_68' title='bbox 206 1431 267 1491; x_wconf 85' lang='lat' dir='ltr'><strong>Hie</strong></span> <span class='ocrx_word' id='word_1_69' title='bbox 294 1433 433 1511; x_wconf 84' lang='lat' dir='ltr'><strong>expletis,</strong></span> <span class='ocrx_word' id='word_1_70' title='bbox 463 1432 712 1512; x_wconf 77' lang='lat' dir='ltr'><strong>superponendus</strong></span> <span class='ocrx_word' id='word_1_71' title='bbox 739 1439 787 1493; x_wconf 81' lang='lat' dir='ltr'><strong>eet</strong></span> <span class='ocrx_word' id='word_1_72' title='bbox 814 1433 892 1510; x_wconf 77' lang='lat' dir='ltr'><strong>lapis</strong></span> <span class='ocrx_word' id='word_1_73' title='bbox 919 1452 1008 1512; x_wconf 81' lang='lat' dir='ltr'><strong>super</strong></span> <span class='ocrx_word' id='word_1_74' title='bbox 1035 1452 1125 1511; x_wconf 86' lang='lat' dir='ltr'><strong>quem</strong></span> <span class='ocrx_word' id='word_1_75' title='bbox 1152 1432 1253 1491; x_wconf 78' lang='lat' dir='ltr'><strong>infun-</strong></span> 
     </span>
     <span class='ocr_line' id='line_1_12' title="bbox 143 1525 1252 1605; baseline 0 -20"><span class='ocrx_word' id='word_1_76' title='bbox 143 1526 277 1586; x_wconf 88' lang='lat' dir='ltr'><strong>dendum</strong></span> <span class='ocrx_word' id='word_1_77' title='bbox 304 1532 352 1585; x_wconf 81' lang='lat' dir='ltr'><strong>eet</strong></span> <span class='ocrx_word' id='word_1_78' title='bbox 379 1526 479 1585; x_wconf 88' lang='lat' dir='ltr'><strong>oleum</strong></span> <span class='ocrx_word' id='word_1_79' title='bbox 506 1527 729 1586; x_wconf 75' lang='lat' dir='ltr'><strong>sanctificatum</strong></span> <span class='ocrx_word' id='word_1_80' title='bbox 756 1533 790 1585; x_wconf 85' lang='lat' dir='ltr'><strong>ot</strong></span> <span class='ocrx_word' id='word_1_81' title='bbox 816 1525 1047 1605; x_wconf 86' lang='lat' dir='ltr'><strong>expendendum</strong></span> <span class='ocrx_word' id='word_1_82' title='bbox 1073 1527 1107 1584; x_wconf 92' lang='lat' dir='ltr'><strong>in</strong></span> <span class='ocrx_word' id='word_1_83' title='bbox 1130 1525 1252 1585; x_wconf 90' lang='lat' dir='ltr'><strong>modum</strong></span> 
     </span>
     <span class='ocr_line' id='line_1_13' title="bbox 143 1617 1252 1697; baseline -0.001 -21"><span class='ocrx_word' id='word_1_84' title='bbox 143 1619 248 1677; x_wconf 75' lang='lat' dir='ltr'><strong>crucis.</strong></span> <span class='ocrx_word' id='word_1_85' title='bbox 292 1617 440 1677; x_wconf 81' lang='lat' dir='ltr'><strong>Similiter</strong></span> <span class='ocrx_word' id='word_1_86' title='bbox 465 1637 520 1695; x_wconf 89' lang='lat' dir='ltr'><strong>per</strong></span> <span class='ocrx_word' id='word_1_87' title='bbox 546 1623 693 1696; x_wconf 79' lang='lat' dir='ltr'><strong>quattuor</strong></span> <span class='ocrx_word' id='word_1_88' title='bbox 720 1619 846 1697; x_wconf 76' lang='lat' dir='ltr'><strong>angulos</strong></span> <span class='ocrx_word' id='word_1_89' title='bbox 873 1617 981 1677; x_wconf 76' lang='lat' dir='ltr'><strong>alteris</strong></span> <span class='ocrx_word' id='word_1_90' title='bbox 1014 1617 1121 1677; x_wconf 76' lang='lat' dir='ltr'><strong>modus</strong></span> <span class='ocrx_word' id='word_1_91' title='bbox 1154 1618 1252 1676; x_wconf 83' lang='lat' dir='ltr'><strong>crucis</strong></span> 
     </span>
     <span class='ocr_line' id='line_1_14' title="bbox 143 1710 1252 1787; baseline 0.001 -18"><span class='ocrx_word' id='word_1_92' title='bbox 143 1710 181 1769; x_wconf 89' lang='lat' dir='ltr'><strong>de</strong></span> <span class='ocrx_word' id='word_1_93' title='bbox 201 1711 304 1771; x_wconf 85' lang='lat' dir='ltr'><strong>eodem</strong></span> <span class='ocrx_word' id='word_1_94' title='bbox 324 1711 390 1770; x_wconf 84' lang='lat' dir='ltr'><strong>olco</strong></span> <span class='ocrx_word' id='word_1_95' title='bbox 409 1710 624 1787; x_wconf 73' lang='lat' dir='ltr'><strong>significandus</strong></span> <span class='ocrx_word' id='word_1_96' title='bbox 644 1717 699 1771; x_wconf 83' lang='lat' dir='ltr'><strong>eet.</strong></span> <span class='ocrx_word' id='word_1_97' title='bbox 743 1711 822 1771; x_wconf 88' lang='lat' dir='ltr'><strong>Inde</strong></span> <span class='ocrx_word' id='word_1_98' title='bbox 843 1710 1015 1772; x_wconf 85' lang='lat' dir='ltr'><strong>benedictio</strong></span> <span class='ocrx_word' id='word_1_99' title='bbox 1034 1712 1142 1771; x_wconf 76' lang='lat' dir='ltr'><strong>altaris</strong></span> <span class='ocrx_word' id='word_1_100' title='bbox 1162 1712 1252 1771; x_wconf 83' lang='lat' dir='ltr'><strong>simul</strong></span> 
     </span>
     <span class='ocr_line' id='line_1_15' title="bbox 144 1803 638 1881; baseline 0.004 -20"><span class='ocrx_word' id='word_1_101' title='bbox 144 1823 212 1864; x_wconf 89' lang='lat' dir='ltr'><strong>cum</strong></span> <span class='ocrx_word' id='word_1_102' title='bbox 225 1805 450 1864; x_wconf 77' lang='lat' dir='ltr'><strong>consecratione</strong></span> <span class='ocrx_word' id='word_1_103' title='bbox 463 1805 490 1881; x_wconf 84' lang='lat' dir='ltr'><strong>ej</strong></span> <span class='ocrx_word' id='word_1_104' title='bbox 494 1803 638 1864; x_wconf 83' lang='lat' dir='ltr'><strong>cedem—</strong></span> 
     </span>
    </p>

    <p class='ocr_par' dir='ltr' id='par_1_6' title="bbox 205 1897 827 1978">
     <span class='ocr_line' id='line_1_16' title="bbox 205 1897 827 1978; baseline 0 -21"><span class='ocrx_word' id='word_1_105' title='bbox 205 1897 404 1978; x_wconf 77' lang='lat' dir='ltr'><strong>Depreccmor</strong></span> <span class='ocrx_word' id='word_1_106' title='bbox 420 1897 643 1958; x_wconf 70' lang='lat' dir='ltr'><strong>misecicordiam</strong></span> <span class='ocrx_word' id='word_1_107' title='bbox 657 1906 738 1957; x_wconf 71' lang='lat' dir='ltr'><strong>eccm</strong></span> <span class='ocrx_word' id='word_1_108' title='bbox 759 1944 765 1956; x_wconf 93' lang='lat'><strong>.</strong></span> <span class='ocrx_word' id='word_1_109' title='bbox 790 1944 796 1957; x_wconf 94' lang='lat'><strong>.</strong></span> <span class='ocrx_word' id='word_1_110' title='bbox 819 1944 827 1957; x_wconf 89' lang='lat'><strong>.</strong></span> 
     </span>
    </p>

    <p class='ocr_par' dir='ltr' id='par_1_7' title="bbox 205 1993 530 2052">
     <span class='ocr_line' id='line_1_17' title="bbox 205 1993 530 2052; baseline -0.003 0"><span class='ocrx_word' id='word_1_111' title='bbox 205 1993 400 2052; x_wconf 79' lang='lat' dir='ltr'><strong>Consecrctio</strong></span> <span class='ocrx_word' id='word_1_112' title='bbox 413 1993 530 2052; x_wconf 79' lang='lat' dir='ltr'><strong>alteris.</strong></span> 
     </span>
    </p>

    <p class='ocr_par' dir='ltr' id='par_1_8' title="bbox 205 2084 832 2165">
     <span class='ocr_line' id='line_1_18' title="bbox 205 2084 832 2165; baseline 0.002 -20"><span class='ocrx_word' id='word_1_113' title='bbox 205 2084 289 2145; x_wconf 75' lang='lat' dir='ltr'><strong>Dece</strong></span> <span class='ocrx_word' id='word_1_114' title='bbox 303 2085 481 2165; x_wconf 65' lang='lat' dir='ltr'><strong>cencipotece</strong></span> <span class='ocrx_word' id='word_1_115' title='bbox 497 2085 529 2144; x_wconf 81' lang='lat' dir='ltr'><strong>io</strong></span> <span class='ocrx_word' id='word_1_116' title='bbox 542 2087 626 2163; x_wconf 73' lang='lat' dir='ltr'><strong>cujus</strong></span> <span class='ocrx_word' id='word_1_117' title='bbox 640 2086 742 2146; x_wconf 79' lang='lat' dir='ltr'><strong>tencre</strong></span> <span class='ocrx_word' id='word_1_118' title='bbox 764 2131 771 2147; x_wconf 87' lang='lat'>.</span> <span class='ocrx_word' id='word_1_119' title='bbox 795 2132 801 2146; x_wconf 92' lang='lat'><strong>.</strong></span> <span class='ocrx_word' id='word_1_120' title='bbox 825 2131 832 2146; x_wconf 91' lang='lat'><strong>.</strong></span> 
     </span>
    </p>

    <p class='ocr_par' dir='ltr' id='par_1_9' title="bbox 143 2180 1252 2429">
     <span class='ocr_line' id='line_1_19' title="bbox 205 2180 1252 2241; baseline 0.002 -2"><span class='ocrx_word' id='word_1_121' title='bbox 205 2180 283 2240; x_wconf 89' lang='lat' dir='ltr'><strong>Inde</strong></span> <span class='ocrx_word' id='word_1_122' title='bbox 310 2180 482 2240; x_wconf 86' lang='lat' dir='ltr'><strong>benedictio</strong></span> <span class='ocrx_word' id='word_1_123' title='bbox 508 2180 720 2241; x_wconf 78' lang='lat' dir='ltr'><strong>linteaminum</strong></span> <span class='ocrx_word' id='word_1_124' title='bbox 748 2182 856 2240; x_wconf 76' lang='lat' dir='ltr'><strong>alteris</strong></span> <span class='ocrx_word' id='word_1_125' title='bbox 883 2187 916 2240; x_wconf 86' lang='lat' dir='ltr'><strong>et</strong></span> <span class='ocrx_word' id='word_1_126' title='bbox 943 2180 1071 2240; x_wconf 80' lang='lat' dir='ltr'><strong>aliorum</strong></span> <span class='ocrx_word' id='word_1_127' title='bbox 1095 2181 1252 2241; x_wconf 89' lang='lat' dir='ltr'><strong>indumen·</strong></span> 
     </span>
     <span class='ocr_line' id='line_1_20' title="bbox 143 2275 1251 2354; baseline 0.001 -20"><span class='ocrx_word' id='word_1_128' title='bbox 143 2280 244 2335; x_wconf 85' lang='lat' dir='ltr'><strong>torum</strong></span> <span class='ocrx_word' id='word_1_129' title='bbox 279 2295 397 2335; x_wconf 89' lang='lat' dir='ltr'><strong>necnon</strong></span> <span class='ocrx_word' id='word_1_130' title='bbox 431 2282 463 2334; x_wconf 89' lang='lat' dir='ltr'><strong>ct</strong></span> <span class='ocrx_word' id='word_1_131' title='bbox 498 2296 637 2335; x_wconf 79' lang='lat' dir='ltr'><strong>vesorum</strong></span> <span class='ocrx_word' id='word_1_132' title='bbox 672 2296 757 2336; x_wconf 79' lang='lat' dir='ltr'><strong>sacro</strong></span> <span class='ocrx_word' id='word_1_133' title='bbox 791 2276 958 2335; x_wconf 82' lang='lat' dir='ltr'><strong>ministerio</strong></span> <span class='ocrx_word' id='word_1_134' title='bbox 993 2276 1061 2334; x_wconf 84' lang='lat' dir='ltr'><strong>usui</strong></span> <span class='ocrx_word' id='word_1_135' title='bbox 1096 2283 1169 2354; x_wconf 83' lang='lat' dir='ltr'><strong>epto</strong></span> <span class='ocrx_word' id='word_1_136' title='bbox 1203 2275 1251 2335; x_wconf 85' lang='lat' dir='ltr'><strong>hic</strong></span> 
     </span>
     <span class='ocr_line' id='line_1_21' title="bbox 143 2372 284 2429; baseline 0.021 -3"><span class='ocrx_word' id='word_1_137' title='bbox 143 2372 284 2429; x_wconf 75' lang='lat' dir='ltr'><strong>verbis-</strong></span> 
     </span>
    </p>

    <p class='ocr_par' dir='ltr' id='par_1_10' title="bbox 204 2464 728 2544">
     <span class='ocr_line' id='line_1_22' title="bbox 204 2464 728 2544; baseline 0 -20"><span class='ocrx_word' id='word_1_138' title='bbox 204 2464 325 2524; x_wconf 78' lang='lat' dir='ltr'><strong>Ecocdi</strong></span> <span class='ocrx_word' id='word_1_139' title='bbox 339 2464 461 2525; x_wconf 78' lang='lat' dir='ltr'><strong>Domine</strong></span> <span class='ocrx_word' id='word_1_140' title='bbox 475 2464 637 2544; x_wconf 77' lang='lat' dir='ltr'><strong>eupplicum</strong></span> <span class='ocrx_word' id='word_1_141' title='bbox 659 2511 665 2525; x_wconf 92' lang='lat'><strong>.</strong></span> <span class='ocrx_word' id='word_1_142' title='bbox 691 2512 697 2524; x_wconf 93' lang='lat'><strong>.</strong></span> <span class='ocrx_word' id='word_1_143' title='bbox 721 2510 728 2524; x_wconf 90' lang='lat'><strong>.</strong></span> 
     </span>
    </p>

    <p class='ocr_par' dir='ltr' id='par_1_11' title="bbox 144 2558 1251 2712">
     <span class='ocr_line' id='line_1_23' title="bbox 205 2558 1251 2636; baseline 0.003 -20"><span class='ocrx_word' id='word_1_144' title='bbox 205 2558 247 2617; x_wconf 83' lang='lat' dir='ltr'><strong>Et</strong></span> <span class='ocrx_word' id='word_1_145' title='bbox 281 2566 350 2636; x_wconf 85' lang='lat' dir='ltr'><strong>poet</strong></span> <span class='ocrx_word' id='word_1_146' title='bbox 384 2558 440 2618; x_wconf 88' lang='lat' dir='ltr'><strong>hoc</strong></span> <span class='ocrx_word' id='word_1_147' title='bbox 465 2559 586 2618; x_wconf 78' lang='lat' dir='ltr'><strong>veletur</strong></span> <span class='ocrx_word' id='word_1_148' title='bbox 620 2559 727 2618; x_wconf 81' lang='lat' dir='ltr'><strong>altore.</strong></span> <span class='ocrx_word' id='word_1_149' title='bbox 771 2558 846 2617; x_wconf 81' lang='lat' dir='ltr'><strong>Post</strong></span> <span class='ocrx_word' id='word_1_150' title='bbox 875 2559 1010 2618; x_wconf 76' lang='lat' dir='ltr'><strong>velatum</strong></span> <span class='ocrx_word' id='word_1_151' title='bbox 1039 2577 1111 2618; x_wconf 84' lang='lat' dir='ltr'><strong>vero</strong></span> <span class='ocrx_word' id='word_1_152' title='bbox 1139 2559 1251 2619; x_wconf 89' lang='lat' dir='ltr'><strong>dicitur</strong></span> 
     </span>
     <span class='ocr_line' id='line_1_24' title="bbox 144 2654 243 2712; baseline 0.02 -2"><span class='ocrx_word' id='word_1_153' title='bbox 144 2654 243 2712; x_wconf 82' lang='lat' dir='ltr'><strong>oratio</strong></span> 
     </span>
    </p>

    <p class='ocr_par' dir='ltr' id='par_1_12' title="bbox 204 2746 646 2825">
     <span class='ocr_line' id='line_1_25' title="bbox 204 2746 646 2825; baseline -0.002 -18"><span class='ocrx_word' id='word_1_154' title='bbox 204 2746 368 2807; x_wconf 80' lang='lat' dir='ltr'><strong>Deceecdat</strong></span> <span class='ocrx_word' id='word_1_155' title='bbox 382 2765 556 2825; x_wconf 71' lang='lat' dir='ltr'><strong>quaeecmue</strong></span> <span class='ocrx_word' id='word_1_156' title='bbox 578 2791 585 2806; x_wconf 94' lang='lat'><strong>.</strong></span> <span class='ocrx_word' id='word_1_157' title='bbox 608 2791 615 2804; x_wconf 90' lang='lat'><strong>.</strong></span> <span class='ocrx_word' id='word_1_158' title='bbox 640 2793 646 2806; x_wconf 92' lang='lat'><strong>.</strong></span> 
     </span>
    </p>

    <p class='ocr_par' dir='ltr' id='par_1_13' title="bbox 203 2840 432 2900">
     <span class='ocr_line' id='line_1_26' title="bbox 203 2840 432 2900; baseline -0.004 0"><span class='ocrx_word' id='word_1_159' title='bbox 203 2840 256 2900; x_wconf 90' lang='lat' dir='ltr'><strong>Ad</strong></span> <span class='ocrx_word' id='word_1_160' title='bbox 270 2841 432 2899; x_wconf 79' lang='lat' dir='ltr'><strong>miceam-</strong></span> 
     </span>
    </p>

    <p class='ocr_par' dir='ltr' id='par_1_14' title="bbox 205 2929 634 3011">
     <span class='ocr_line' id='line_1_27' title="bbox 205 2929 634 3011; baseline 0.005 -20"><span class='ocrx_word' id='word_1_161' title='bbox 205 2931 287 2991; x_wconf 82' lang='lat' dir='ltr'><strong>Deue</strong></span> <span class='ocrx_word' id='word_1_162' title='bbox 300 2933 353 3011; x_wconf 76' lang='lat' dir='ltr'><strong>qui</strong></span> <span class='ocrx_word' id='word_1_163' title='bbox 366 2929 545 2990; x_wconf 74' lang='lat' dir='ltr'><strong>iccimbiliter</strong></span> <span class='ocrx_word' id='word_1_164' title='bbox 565 2976 572 2991; x_wconf 91' lang='lat'><strong>.</strong></span> <span class='ocrx_word' id='word_1_165' title='bbox 596 2975 603 2990; x_wconf 93' lang='lat'><strong>.</strong></span> <span class='ocrx_word' id='word_1_166' title='bbox 627 2979 634 2993; x_wconf 90' lang='lat'><strong>.</strong></span> 
     </span>
    </p>
   </div>
   <div class='ocr_carea' id='block_1_3' title="bbox 622 3120 755 3192">
    <p class='ocr_par' dir='ltr' id='par_1_15' title="bbox 622 3120 755 3192">
     <span class='ocr_line' id='line_1_28' title="bbox 622 3120 755 3192; baseline 0.015 -17"><span class='ocrx_word' id='word_1_167' title='bbox 622 3123 657 3192; x_wconf 80' lang='lat' dir='ltr'><strong>(i)</strong></span> <span class='ocrx_word' id='word_1_168' title='bbox 677 3120 755 3177; x_wconf 72' lang='lat' dir='ltr'><strong>telae.</strong></span> 
     </span>
    </p>
   </div>
   <div class='ocr_carea' id='block_1_4' title="bbox 0 0 1412 4816">
    <p class='ocr_par' dir='ltr' id='par_1_16' title="bbox 0 0 1412 4816">
     <span class='ocr_line' id='line_1_29' title="bbox 0 0 1412 4816; baseline 0 1"><span class='ocrx_word' id='word_1_169' title='bbox 0 0 1412 4816; x_wconf 95' lang='lat' dir='ltr'><strong> </strong></span> 
     </span>
    </p>
   </div>
  </div>
 </body>
</html>
