2806 4822
143 415 206 479 518
252 427 431 480 omnnia
454 426 624 478 wossnu:
647 426 699 477 ns
721 426 838 479 omem
859 429 929 478 auu
952 422 1158 478 avonumou.

141 608 296 666 nunquam
318 595 468 648 cessatum
490 593 539 647 est
549 607 558 662 ;
580 593 613 646 et
636 588 679 645 sic
698 587 801 646 omnia
817 605 895 664 quae
915 587 1114 645 celebrantur
1136 589 1259 662 protra-

142 683 268 754 huntur,
292 689 330 740 ut
353 689 442 742 noete
463 681 564 740 media
585 686 655 758 post
676 681 768 739 missa
790 699 869 759 qaae
891 679 976 739 iacta
994 680 1095 739 fuerit
1117 679 1153 737 in
1179 677 1262 755 Syou

144 794 248 834 omnes
270 776 308 833 ad
324 775 427 834 domos
440 795 511 833 suas
525 780 728 833 revertantur.

364 1047 392 1103 4.
416 1043 601 1122 Bemmplioo
621 1042 659 1118 of
675 1042 721 1102 tlte
744 1041 890 1120 Ordiaary
909 1042 1032 1104 seete,

206 1213 279 1275 Jam
302 1221 404 1274 autem
427 1214 466 1273 de
490 1215 552 1273 alie
571 1213 621 1272 die
646 1213 970 1292 Quinquagesimarum
991 1233 1097 1274 omnes
1115 1213 1264 1294 jejunant

144 1313 237 1391 juxta
259 1313 509 1371 consuetudinem
529 1312 609 1371 sicut
629 1317 696 1371 toto
716 1332 804 1384 anne,
819 1313 873 1391 qui
893 1318 985 1389 prout
1005 1317 1119 1390 potest,
1134 1318 1264 1390 excepta

146 1407 197 1465 die
210 1407 331 1465 sabbati
346 1412 378 1463 et
392 1407 549 1478 dominica,
565 1424 626 1483 qua
643 1425 799 1483 nunquam
818 1406 977 1485 jejunatur
990 1407 1025 1464 in
1037 1406 1160 1465 hisdem
1181 1407 1262 1466 loeis

147 1502 254 1561 Etiam
276 1500 469 1578 postmodum
491 1502 601 1559 ceteris
623 1499 731 1558 diebus
751 1502 799 1558 ita
825 1501 946 1577 singula
968 1507 1106 1578 aguntur
1134 1507 1175 1559 ut
1196 1506 1264 1559 teto

146 1614 248 1664 ann03
284 1592 316 1651 id
344 1600 392 1651 est
419 1612 536 1670 semper
563 1593 602 1651 de
628 1593 713 1670 pullo
738 1595 837 1671 primo
863 1593 902 1652 ed
924 1595 1081 1653 Anastase
1104 1594 1263 1670 vigiletur.

148 1688 229 1748 Nam
243 1689 270 1745 si
284 1687 434 1747 dominice
449 1689 512 1749 dies
525 1696 581 1763 est,
596 1692 727 1768 primum
742 1692 824 1768 leget
838 1689 876 1749 de
888 1690 973 1767 pullo
985 1691 1084 1767 primo
1103 1690 1265 1767 episcopus

147 1786 337 1863 evangelium
360 1785 452 1865 juxta
479 1788 728 1848 consuetudinem
752 1789 836 1847 intro
857 1788 1010 1846 Anastasc
1036 1788 1138 1846 locum
1164 1806 1265 1846 resur·

149 1881 292 1940 rectionis
315 1881 450 1952 Domini,
472 1883 525 1957 qui
558 1901 676 1958 semper
707 1882 858 1941 dominica
884 1882 934 1941 die
961 1881 1074 1957 legitur
1086 1901 1096 1955 ;
1126 1889 1163 1940 et
1184 1887 1266 1959 post-

148 1972 271 2033 modum
305 1974 390 2050 ymni
419 1993 473 2032 seu
507 1975 693 2052 antiphonae
724 1994 820 2052 usque
855 1973 894 2034 ad
925 1975 1021 2034 lucem
1051 1973 1203 2033 dicuntur
1231 1975 1265 2032 in

150 2068 310 2125 Anastase.
365 2067 398 2125 Si
428 2074 531 2126 autem
570 2069 720 2127 dominica
758 2068 821 2127 dies
856 2087 917 2127 non
952 2074 1007 2140 est,
1035 2073 1164 2126 tantum
1185 2067 1266 2146 quod

150 2162 235 2238 ymni
258 2161 307 2219 vel
329 2160 516 2238 antiphonae
541 2162 681 2220 similitor
702 2163 740 2221 de
760 2162 844 2240 pullo
864 2164 962 2240 primo
982 2180 1078 2238 usqua
1099 2161 1143 2221 ad
1165 2161 1266 2220 lucem

149 2254 294 2312 dicuntur
314 2254 349 2310 in
375 2255 539 2313 Anastase.
582 2256 789 2332 Aputactitae
816 2275 919 2315 omnes
942 2255 1080 2324 vedent3
1107 2255 1149 2313 de
1177 2256 1268 2332 plebe

150 2355 262 2420 autem,
291 2347 342 2424 qui
367 2348 517 2422 quomodo
547 2355 682 2425 possunt,
708 2349 845 2419 vadent3
880 2349 982 2408 clerici
1013 2355 1117 2408 autem
1153 2348 1268 2407 cotidie

151 2442 276 2501 vicibus.
335 2439 462 2498 Vadent
500 2441 601 2500 clerici
636 2448 740 2500 autem
778 2443 816 2501 de
847 2443 931 2519 pullo
964 2444 1070 2520 pximo,
1106 2443 1269 2518 episeopus

151 2540 254 2593 autem
286 2534 457 2592 albescente
491 2535 583 2592 vadet
611 2554 736 2611 semper,
763 2541 799 2593 ut
820 2537 912 2593 missa
936 2536 991 2594 fiat
1015 2535 1173 2593 matutina
1197 2554 1268 2592 cum

151 2629 290 2687 omnibus
311 2629 437 2700 clericis,
458 2636 586 2707 excepta
605 2629 754 2688 dominica
774 2629 843 2688 die:
864 2631 939 2707 quia
965 2649 1086 2688 necesse
1106 2635 1158 2687 est
1180 2629 1269 2687 illum

153 2721 192 2779 de
215 2721 299 2797 pullo
324 2721 421 2797 primo
434 2721 488 2798 ire,
512 2729 548 2780 ut
569 2723 758 2799 evangelium
788 2722 871 2799 legat
893 2725 926 2780 in
947 2724 1110 2783 Anastase.
1157 2721 1271 2781 Denuo

153 2813 193 2871 od
232 2813 336 2872 horam
373 2820 492 2871 sextam
529 2821 665 2890 aguntur
703 2834 780 2892 quae
817 2815 1085 2874 consuetudinaria
1120 2820 1198 2872 sunt
1237 2815 1271 2871 in

154 2909 334 2980 Anastase;
368 2908 509 2965 similiter
539 2915 572 2966 et
606 2908 646 2966 ad
679 2928 769 2980 nona,
797 2909 937 2967 similiter
967 2915 999 2966 et
1033 2907 1073 2966 ed
1108 2906 1272 2966 lucei-nare

153 2999 245 3077 juxta
269 2998 516 3057 consuetudinem
539 3019 631 3075 quam
659 3001 815 3059 consuevit
842 3007 908 3059 toto
928 3017 1010 3059 anne
1029 2998 1104 3057 fieri
1150 2998 1273 3069 Quarta

155 3098 257 3150 autem
280 3099 312 3150 et
333 3098 422 3151 sexte
443 3092 521 3151 feria
541 3111 659 3171 semper
679 3113 761 3153 nona
780 3094 812 3152 in
835 3092 917 3170 Syon
936 3093 974 3152 fit
992 3091 1087 3169 juxta
1106 3100 1273 3153 consuetu-

156 3185 269 3244 dinem.

681 3430 757 3492 VII.

640 3601 788 3665 mensu.

412 3774 438 3832 l.
463 3773 521 3833 The
542 3773 702 3851 Inscribinp
722 3775 759 3850 os
776 3775 821 3834 the
844 3773 1026 3854 competente

222 3942 265 4000 Et
292 3943 368 4002 illud
397 3947 489 4005 etiam
511 3946 641 4005 scribere
668 3945 760 4005 debui
782 3945 1033 4024 quemadmodum
1061 3946 1217 4007 docentur
1245 3949 1280 4010 hi

160 4038 214 4112 qui
250 4038 462 4114 baptidiantur
497 4060 551 4118 per
579 4041 706 4100 Pascha.
748 4040 829 4099 Nam
864 4042 919 4119 qui
952 4040 1007 4100 dat
1034 4060 1149 4101 nemen
1177 4064 1278 4117 suum,

160 4137 233 4187 ante
261 4130 341 4188 diem
365 4133 671 4210 Quadregesimerum
694 4134 756 4206 dat,
780 4140 813 4192 et
837 4136 970 4193 omnium
997 4135 1122 4193 nomina
1144 4146 1281 4198 annotat
