2814 4816
622 364 793 414 arruunrx.
1204 350 1267 414 529

152 525 199 584 58.
223 523 333 586 Postea
353 528 386 586 in
400 526 575 586 societatem
596 526 762 603 recipiatur
780 531 813 585 et
832 525 945 602 duplici
966 525 1080 585 honore
1100 524 1257 597 afficiatur,

151 639 248 697 neque
261 621 373 681 iterum
387 622 555 681 ordinetur.

213 714 261 773 59.
285 714 397 775 Viduia
419 721 544 793 propter
565 717 698 793 copiosae
719 715 881 785 orationes,
901 714 1088 773 infirmorum
1110 733 1213 773 curam
1227 721 1260 773 et

150 806 292 886 frequens
302 806 453 886 jejunium
466 810 645 888 praecipuus
659 807 768 887 (honor
782 807 960 888 tribuatur).

213 899 261 961 60.
283 899 336 959 Illi
370 902 422 978 qui
456 902 612 960 ecclesiam
646 900 845 978 frequentant
878 918 914 959 eo
947 898 1073 959 consilio
1106 905 1144 958 ut
1176 901 1258 959 inter·

151 991 333 1053 christianos
360 994 556 1072 recipiantur,
585 995 799 1054 examinentur
826 994 908 1052 omni
936 1012 1004 1053 cum
1031 992 1259 1068 perseverantia

150 1091 182 1143 et
206 1106 296 1164 quam
320 1087 359 1146 ob
380 1106 503 1146 caumm
529 1107 617 1147 auum
645 1087 762 1146 cultum
789 1091 944 1164 respuant,
966 1105 1005 1144 ne
1032 1084 1113 1144 forte
1139 1085 1258 1143 intrent

150 1179 298 1239 illudendi
312 1181 504 1242 causa—bl.
526 1181 613 1252 Quod
627 1181 653 1239 si
667 1200 740 1239 vero
752 1180 863 1258 aliquis
877 1181 910 1237 in
924 1179 982 1239 fide
997 1198 1070 1237 vera
1089 1178 1261 1251 advenerit,

151 1274 314 1352 recipiatur
334 1295 403 1334 cum
423 1275 535 1352 gaudio
555 1277 820 1353 interrogaturque
834 1274 872 1333 de
886 1274 1012 1351 opificio,
1026 1273 1258 1351 instruaturque

149 1388 203 1445 per
217 1369 376 1429 diaconum
390 1370 549 1447 discatque
562 1370 596 1428 in
609 1369 733 1428 ecclesia
747 1368 924 1427 renuntiare
938 1367 1072 1427 Satanae
1085 1374 1118 1426 et
1132 1386 1258 1444 pompae

149 1465 216 1544 ejus
230 1468 391 1529 toti.-62.
415 1467 484 1527 Hoc
497 1474 601 1527 autem
614 1469 793 1527 observetur
807 1469 890 1527 omni
911 1474 1045 1544 tempore
1059 1486 1119 1545 quo
1132 1466 1257 1524 instrui-

149 1568 212 1632 tur,
235 1569 398 1642 antequam
425 1570 527 1622 cetero
551 1562 661 1640 populo
689 1562 1006 1623 adnumeretur—63.
1029 1560 1063 1619 Si
1084 1567 1131 1619 est
1152 1579 1257 1619 servus

149 1656 215 1715 heri
237 1656 425 1728 idololatrae,
439 1658 538 1716 invito
559 1656 633 1716 hero
654 1676 694 1715 ne
715 1657 889 1734 baptizetur
899 1676 908 1729 ;
928 1661 1091 1714 contentus
1112 1655 1155 1712 sit
1176 1653 1256 1732 quod

148 1748 332 1810 christianus
345 1751 491 1813 est—64.
511 1749 628 1821 Quodsi
640 1751 772 1810 moritur
785 1750 912 1809 necdum
924 1749 963 1808 ad
974 1748 1085 1809 donum
1097 1747 1255 1819 admissus,

148 1865 167 1902 a
192 1851 292 1903 cetero
318 1864 409 1922 grege
432 1865 472 1904 ne
495 1844 752 1922 separetur—65.
773 1844 881 1904 Omnis
908 1843 1024 1902 artifex
1051 1842 1171 1902 noverit
1198 1842 1256 1901 sibi

148 1936 232 1995 nullo
258 1938 347 1997 modo
374 1938 463 1996 licere
491 1936 604 1996 idolum
632 1937 680 1996 vel
707 1937 840 2015 aliquam
873 1937 1002 2015 figuram
1037 1934 1257 1994 idololatricam

147 2031 297 2108 effingam,
317 2031 381 2089 aive
408 2032 450 2090 sit
474 2030 638 2103 aurifaber,
658 2032 723 2091 sive
750 2032 952 2109 argentarius,
973 2030 1038 2088 sive
1064 2028 1172 2106 pictor,
1194 2029 1258 2086 sive

147 2126 226 2183 alius
246 2126 364 2202 generis
379 2123 594 2185 utiles—66.
616 2125 650 2184 Si
663 2125 732 2206 quis
745 2132 848 2185 autem
861 2124 976 2184 artifex
989 2128 1058 2200 post
1071 2122 1257 2200 baptismum

148 2225 302 2298 receptum
329 2219 505 2278 inveniatur
528 2221 582 2298 qui
606 2219 755 2300 ejusmodi
780 2238 843 2278 rem
868 2218 1040 2289 confecerit,
1064 2217 1197 2293 exceptis
1219 2216 1258 2274 iis

148 2313 237 2371 rebus
251 2331 329 2390 quae
343 2313 382 2372 ad
396 2333 484 2372 usum
505 2313 662 2373 hominum
684 2313 849 2392 pertinent,
864 2313 1142 2372 excommunicetur
1161 2310 1258 2371 donec

146 2407 368 2484 poenitentiam
381 2408 554 2485 agat—67.
579 2408 771 2486 Quicumque
784 2408 821 2466 fit
835 2405 978 2482 θεατρικός
993 2404 1041 2464 vel
1059 2406 1212 2483 gladiator
1225 2412 1258 2464 et

146 2502 201 2578 qui
214 2503 311 2561 currit
324 2502 373 2560 vel
388 2501 476 2561 docet
489 2503 667 2580 voluptates
680 2503 728 2560 vel
741 2503 751 2539 ¹
847 2500 896 2559 vel
908 2502 918 2536 ¹
1015 2500 1063 2559 vel
1077 2501 1194 2580 κυνηγός
1207 2500 1256 2558 vel

146 2594 319 2673 ἱππόδρομος
333 2595 378 2674 (l),
394 2596 442 2654 vel
456 2596 511 2675 qui
525 2616 594 2655 cum
607 2596 714 2654 bestiis
731 2601 849 2671 pugnat
869 2593 917 2651 vel
939 2592 1087 2652 idolorum
1108 2591 1254 2664 sacerdos,

144 2686 178 2746 hi
192 2707 295 2748 omnes
314 2708 376 2748 non
393 2689 603 2748 admittuntur
617 2689 656 2748 ad
670 2708 823 2747 sermones
843 2707 945 2747 sacros
965 2688 1024 2745 nisi
1045 2686 1129 2764 prius
1142 2686 1257 2744 abillis

145 2781 310 2840 immundis
323 2782 463 2860 operibus
476 2782 746 2859 purgentur-68.
768 2782 844 2840 Post
857 2780 1064 2859 quadraginta
1078 2780 1141 2839 dies
1164 2781 1258 2856 parti-

144 2876 224 2953 cipes
244 2876 324 2935 fiunt
345 2877 491 2936 sermonis
501 2897 510 2951 3
530 2879 557 2935 ai
570 2877 657 2954 digni
678 2882 761 2948 sunt,
776 2876 869 2934 etiam
883 2874 923 2933 ad
943 2875 1128 2953 baptismum
1148 2873 1256 2932 admit·

144 2976 261 3029 tantur.
313 2970 431 3029 Doctor
464 2978 567 3030 autem
603 2971 755 3030 Ecclesiae
782 2970 821 3029 de
847 2969 895 3028 his
922 2970 1013 3027 rebus
1040 2967 1253 3026 referat-69.

89 3097 92 3104 ·
144 3064 351 3141 Γραμματικός,
366 3066 420 3142 qui
434 3085 543 3143 parvos
557 3085 665 3143 pueros
686 3066 821 3135 instruit,
837 3065 863 3122 ai
876 3064 968 3122 aliam
982 3069 1080 3121 artem
1094 3080 1156 3119 non
1170 3062 1256 3120 novit

143 3178 206 3236 qua
218 3160 335 3219 victum
348 3168 486 3238 quaerat,
502 3163 658 3239 vituperet
676 3160 921 3237 quandocunque
935 3158 967 3215 in
982 3157 1020 3215 iis
1033 3175 1108 3234 quos
1130 3156 1256 3213 instruit

143 3252 261 3332 aliquid
287 3261 425 3332 apparet,
448 3262 481 3315 et
505 3256 620 3314 sincere
647 3255 831 3312 confiteatur
854 3251 980 3327 eosqui
1002 3271 1022 3307 a
1045 3249 1188 3326 gentibus
1212 3248 1256 3306 dii

143 3353 292 3408 vocantur
319 3349 480 3409 daemones
504 3368 578 3421 esse,
604 3348 747 3427 dicatque
771 3367 871 3407 coram
894 3345 955 3403 illis
977 3343 1133 3422 quotidie:
1154 3342 1254 3403 “Nou

143 3447 191 3500 est
205 3440 290 3501 Deus
303 3442 363 3501 nisi
377 3441 471 3502 Pater
484 3449 518 3502 et
531 3442 628 3501 Filius
642 3449 674 3500 et
688 3441 821 3519 Spiritus
839 3438 1080 3500 sanctus.”-70.
1103 3437 1137 3495 Si
1152 3443 1254 3496 auteur

143 3533 305 3613 discipulos
318 3555 421 3596 omnes
434 3537 541 3597 docere
559 3541 661 3614 potest
673 3554 817 3612 magnam
835 3541 954 3612 partem
970 3578 978 3595 .
994 3577 1001 3591 .
1017 3576 1034 3604 .,
1051 3530 1099 3589 vel
1114 3531 1139 3588 si
1153 3535 1256 3607 potest

143 3629 273 3689 ulterius
293 3650 469 3708 progressus
482 3631 590 3691 docere
608 3648 659 3689 eos
677 3629 768 3689 fidem
786 3648 899 3700 veram,
914 3627 970 3687 hoc
991 3625 1038 3684 illi
1056 3625 1116 3684 erit
1134 3624 1253 3684 merito.

144 3721 192 3781 71.
215 3721 315 3783 Homo
328 3725 381 3802 qui
395 3725 512 3803 accepit
532 3729 717 3803 potestatem
738 3721 895 3783 occidendi
913 3721 961 3780 vel
983 3719 1070 3778 miles
1088 3737 1255 3797 numquam

144 3816 306 3893 recipiatur
327 3818 551 3879 omnino—72.
573 3818 635 3888 Qui
648 3837 729 3889 vero,
745 3835 812 3876 cum
832 3820 935 3874 essent
956 3812 1078 3885 milites,
1089 3810 1167 3889 jussi
1181 3819 1255 3870 sunt

569 4062 577 4092 ¹
595 4059 687 4111 Woruls
699 4059 824 4122 illegible.
