2814 4816
555 422 772 471 onnrusrrou.
1154 401 1215 467 361

108 573 259 630 constantie
283 576 354 646 fidei,
378 581 479 649 puriter
503 577 664 647 delectionis,
689 578 827 635 sinceritas
852 581 935 651 pacis.
983 579 1073 652 [Sint¹
1105 575 1217 649 speciosi

108 673 216 712 munere
229 665 276 714 tuo
295 659 377 730 pedes
394 659 489 715 borum
500 660 536 715 ad
554 661 791 733 evangelizandum
809 679 916 734 pacem,
927 661 963 717 ad
975 657 1215 732 evangelizandum

108 739 251 797 bonatus.
287 743 329 796 Dc
344 742 391 813 eis,
409 744 530 812 Domine,
551 744 726 800 ministerium
748 745 974 802 reconciliationis
996 746 1024 800 in
1036 742 1119 799 verbo
1141 747 1170 796 et
1187 741 1216 795 in

106 822 191 892 fectis,
205 831 234 880 et
251 825 279 879 iu
291 825 391 882 virtute
402 827 538 898 signorum
554 833 582 882 et
596 828 783 901 prodigiorum
821 829 863 885 Sit
880 846 968 885 sermo
986 845 1080 884 eorum
1094 830 1122 881 et
1139 841 1215 898 pree·

106 906 203 964 dicatio
215 927 270 965 non
281 910 309 965 in
318 912 533 982 persuasibilibus
551 913 684 969 humanae
695 914 840 986 sapientise
854 913 950 991 verbis,
964 912 1012 968 sed
1023 912 1051 967 in
1063 910 1215 967 ostensione

107 991 220 1063 Spiritus
238 1000 267 1048 et
283 994 398 1051 vinctis.
446 997 488 1052 De
506 996 552 1067 eis,
570 996 694 1067 Domine,
712 997 803 1053 eleves
820 997 897 1068 regni
920 994 1071 1064 caelorum
1095 999 1214 1061 utentur,

106 1091 157 1130 ncc
174 1074 326 1146 glorientur,
339 1084 473 1150 potestate
491 1097 571 1152 quam
588 1079 682 1136 tribuis
699 1081 728 1136 iu
745 1080 967 1148 aedificationem,
981 1096 1035 1135 uon
1053 1078 1081 1133 in
1099 1077 1216 1133 destruc·

106 1159 214 1216 tionem.
260 1160 452 1234 Quodcumque
481 1163 624 1234 ligaverint
641 1181 721 1237 super
738 1170 838 1220 terram
856 1163 891 1218 sit
914 1162 1026 1235 ligatum
1044 1168 1074 1218 et
1089 1161 1118 1217 iu
1135 1158 1217 1216 ceelis

105 1250 135 1297 et
146 1243 330 1316 quodcumque
341 1245 470 1302 solverint
486 1263 566 1319 super
583 1253 683 1303 terrem
694 1247 730 1303 sit
747 1246 864 1303 solutum
882 1253 911 1302 et
927 1245 956 1302 iu
968 1245 1056 1303 caelis.
1095 1245 1215 1310 Quorum

106 1324 269 1383 detinuerint
299 1336 418 1400 peccata,
445 1330 553 1387 detecte
575 1331 636 1401 sint,
661 1336 690 1386 et
718 1348 831 1403 quornm
853 1329 1002 1386 dimiserint
1032 1337 1062 1385 tu
1086 1327 1214 1384 dimittas

107 1409 158 1474 uui
174 1409 341 1467 benedixerit
357 1412 397 1468 eis
412 1413 448 1468 sit
463 1413 620 1470 benedictus
636 1421 666 1470 et
682 1415 729 1486 qui
745 1413 914 1470 maledixerit
932 1412 970 1468 eis
985 1408 1216 1468 maledictionibus

106 1491 247 1564 repleatur.
283 1494 344 1550 Sint
367 1494 460 1552 fideles
484 1497 564 1568 servi,
588 1497 740 1571 prudentes,
765 1515 833 1569 quos
855 1497 1004 1552 constitues
1028 1501 1066 1566 tu,
1091 1493 1216 1561 Domine,

106 1593 186 1647 super
206 1577 334 1634 familiam
357 1584 440 1649 tuam,
465 1587 496 1636 ut
518 1581 584 1636 dent
608 1580 660 1636 illis
682 1581 773 1638 cibum
802 1581 831 1636 iu
858 1587 978 1652 tempore
1003 1577 1161 1644 necessario,
1184 1582 1217 1632 ut

106 1661 252 1718 exhibeant
269 1680 378 1719 omnem
396 1664 532 1720 hominem
550 1665 708 1738 perlectum.
753 1665 815 1722 Sint
831 1662 1010 1721 sollicitudine
1029 1660 1142 1734 impigri,
1161 1658 1216 1715 sint

106 1744 201 1816 spiritu
229 1746 371 1804 ferventes.
420 1747 531 1803 Oderint
560 1749 720 1821 superbiam,
752 1749 865 1821 diligent
894 1746 1043 1815 veritatem,
1074 1763 1125 1801 nec
1154 1761 1214 1800 eum

106 1844 233 1899 umquam
246 1829 370 1885 deserant
381 1834 428 1885 eut
440 1828 595 1886 lassitudine
607 1836 656 1886 aut
670 1831 767 1887 timore
778 1830 903 1904 superati
940 1830 1004 1886 Non
1014 1832 1117 1901 ponent
1127 1827 1215 1883 lucem

105 1909 140 1964 ad
158 1912 292 1980 tenebras,
308 1929 359 1967 nec
377 1912 500 1968 tenebras
518 1912 577 1985 [ed]
595 1913 692 1971 lucem.
729 1914 791 1971 Non
809 1914 901 1971 dicant
917 1912 1020 1968 malum
1037 1912 1146 1979 bonnm
1159 1927 1210 1966 nec

105 1993 207 2050 bonum
235 1995 345 2053 malum.
394 1996 454 2053 Sint
483 1997 647 2070 sapientibus
676 1998 810 2055 debitores
833 2004 862 2054 et
884 1999 1000 2054 fmctnm
1025 1997 1059 2053 de
1089 1996 1212 2069 prosectu

105 2079 226 2134 omnium
237 2082 456 2154 consequentur]
492 2082 607 2138 Tribuas
618 2082 658 2138 eis
670 2083 824 2139 cathedram
837 2083 1016 2156 episcopalem
1022 2082 1059 2138 ad
1070 2079 1214 2152 regendam

106 2164 252 2220 Ecclesium
266 2173 339 2221 tuem
351 2172 380 2222 et
397 2165 502 2238 plebem
514 2167 676 2223 universum.
714 2167 756 2223 Sis
768 2167 808 2223 eis
818 2167 975 2236 auctoritas,
988 2165 1024 2222 sis
1036 2165 1075 2222 eis
1086 2171 1213 2239 potestus,

104 2249 141 2304 sis
159 2249 197 2304 eis
214 2249 333 2307 firmitas.
377 2249 540 2323 Multiplices
558 2267 637 2322 super
655 2268 701 2307 eos
719 2251 935 2309 benedictionem
952 2256 982 2306 et
998 2249 1112 2321 gretiam
1130 2255 1213 2319 tuem,

105 2340 136 2387 ut
156 2333 191 2389 ed
215 2334 378 2390 exorandam
398 2351 503 2407 semper
521 2335 729 2392 misericerdiam
750 2341 834 2406 tuam,
853 2343 902 2393 tuo
920 2352 1031 2392 munere
1052 2332 1150 2402 idonei,
1167 2338 1214 2387 tue

104 2416 190 2486 gratie
200 2417 304 2489 possint
315 2415 486 2489 essegdevoti.

172 2645 213 2712 In
235 2647 302 2713 this
317 2668 498 2732 ceremony,
513 2669 548 2713 es
563 2648 599 2713 in
614 2648 686 2713 thet
701 2648 737 2714 of
756 2648 812 2715 the
827 2648 1060 2714 ordinationes
1078 2648 1214 2714 descons

106 2752 170 2817 end
200 2751 324 2836 priests,
354 2752 411 2818 the
445 2753 534 2838 Pope
564 2753 658 2820 alone
688 2753 855 2819 officicted.
911 2753 965 2821 He
993 2754 1099 2839 might
1131 2752 1214 2819 heve

105 2856 236 2940 bishops
267 2857 391 2923 eround
413 2857 594 2924 him—end
623 2859 660 2924 in
681 2857 812 2944 general
835 2859 901 2924 this
923 2880 989 2923 was
1015 2859 1073 2924 the
1098 2877 1214 2923 cese—

106 2955 221 3022 buthe
236 2977 301 3021 wes
324 2957 381 3023 the
403 2957 472 3024 sole
495 2959 737 3024 administrator
757 2959 794 3023 in
819 2957 876 3023 the
899 2977 1080 3043 ceremony.
1136 2956 1213 3021 Thu

105 3059 276 3144 departure
305 3061 388 3126 from
418 3061 474 3127 the
499 3062 571 3127 rule
600 3061 673 3127 that
702 3082 721 3126 e
750 3061 856 3146 single
886 3060 1002 3145 bishop
1031 3060 1126 3125 could
1155 3066 1214 3125 not

104 3168 286 3226 consecrate
301 3162 437 3226 another
457 3162 486 3227 is
497 3162 685 3229 mentioned
706 3162 742 3227 in
764 3163 820 3229 the
835 3161 925 3228 sixth
948 3170 1093 3248 century,
1105 3160 1142 3226 in
1157 3160 1213 3226 the

104 3263 310 3330 Brccicrtum
325 3266 361 3330 of
373 3263 581 3333 Ferrendus?

154 3522 238 3574 ¹'l'he
260 3538 369 3588 pssscge
394 3524 423 3574 in
447 3523 567 3575 brackets
592 3523 616 3575 ie
641 3526 687 3575 not
712 3524 793 3576 found
814 3524 901 3576 either
924 3525 953 3576 tn
975 3525 1022 3577 the
1046 3526 1163 3578 Leonian
1184 3541 1213 3577 or

104 3599 249 3664 Gregorien
266 3599 495 3658 Sacramentarics;
515 3600 563 3651 but
579 3600 601 3649 it
620 3614 708 3650 occurs
724 3601 752 3650 in
768 3600 815 3651 the
832 3600 966 3664 Gelasian,
981 3602 1034 3653 eud
1050 3604 1105 3654 also
1121 3603 1149 3653 in
1166 3601 1212 3654 the

104 3677 208 3728 Missale
229 3677 393 3739 Francorum,
411 3678 497 3728 which
519 3678 574 3729 also
597 3678 715 3728 cenwine
732 3678 787 3729 this
805 3679 955 3744 iormulsry.
988 3680 1046 3731 The
1067 3681 1136 3746 style
1159 3679 1211 3732 end

104 3755 238 3805 cberecter
254 3755 283 3806 oi
299 3755 354 3806 this
372 3770 480 3820 passage
498 3755 522 3806 is
540 3755 695 3820 completely
712 3756 741 3806 in
760 3755 885 3822 harmony
902 3757 967 3808 with
987 3757 1034 3808 the
1051 3763 1111 3809 rest.
1144 3758 1211 3809 ‘l'lris

103 3835 289 3885 circumstance
305 3834 413 3885 induces
429 3849 470 3884 me
486 3838 514 3884 to
529 3834 897 3899 believe-notwithstanding
918 3851 935 3885 a
956 3834 1061 3887 contlict
1077 3837 1106 3886 oi
1126 3837 1211 3901 paleo·

103 3913 212 3978 graphio
227 3912 474 3964 authorities—thet
488 3912 511 3962 it
521 3915 591 3964 must
605 3911 673 3965 hare
688 3912 788 3965 formed
803 3917 862 3978 pert
878 3914 907 3964 of
921 3912 967 3964 the
983 3913 1095 3978 original
1111 3914 1211 3966 Roman

103 3991 250 4055 sormulery.

151 4068 240 4132 'Cep
264 4070 294 4120 6:
325 4067 358 4119 Ut
384 4083 450 4118 unca
477 4069 605 4134 spiscopus
627 4068 769 4134 opesopes
789 4083 840 4119 cors
860 4069 966 4130 ordinet,
986 4073 1088 4135 eccepto
1108 4070 1209 4122 ecclesio

103 4143 225 4199 Rectene.
259 4145 325 4196 'ruis
335 4146 452 4197 canonis
466 4160 514 4197 one
524 4146 553 4197 of
568 4144 641 4197 those
657 4144 750 4210 passed
766 4149 794 4196 at
811 4144 856 4197 the
874 4145 973 4198 Roman
984 4145 1092 4198 Oouuctl
1109 4146 1138 4198 of
1152 4148 1209 4209 886,
