<?xml version="1.0" encoding="UTF-8"?>
<!DOCTYPE html PUBLIC "-//W3C//DTD XHTML 1.0 Transitional//EN"
    "http://www.w3.org/TR/xhtml1/DTD/xhtml1-transitional.dtd">
<html xmlns="http://www.w3.org/1999/xhtml" xml:lang="en" lang="en">
 <head>
  <title>
</title>
<meta http-equiv="Content-Type" content="text/html;charset=utf-8" />
  <meta name='ocr-system' content='tesseract 3.04.00' />
  <meta name='ocr-capabilities' content='ocr_page ocr_carea ocr_par ocr_line ocrx_word'/>
</head>
<body>
  <div class='ocr_page' id='page_1' title='image "./christianworshi01mcclgoog_0537.png"; bbox 0 0 2806 4822; ppageno 0'>
   <div class='ocr_carea' id='block_1_1' title="bbox 137 384 1156 449">
    <p class='ocr_par' dir='ltr' id='par_1_1' title="bbox 137 384 1156 449">
     <span class='ocr_line' id='line_1_1' title="bbox 137 384 1156 449; baseline -0.003 0"><span class='ocrx_word' id='word_1_1' title='bbox 137 384 201 449; x_wconf 82' lang='lat'><strong>516</strong></span> <span class='ocrx_word' id='word_1_2' title='bbox 246 395 427 448; x_wconf 78' lang='lat' dir='ltr'><strong>cusrermr</strong></span> <span class='ocrx_word' id='word_1_3' title='bbox 448 394 620 445; x_wconf 81' lang='lat' dir='ltr'><strong>wossmr:</strong></span> <span class='ocrx_word' id='word_1_4' title='bbox 644 394 695 444; x_wconf 70' lang='grc' dir='ltr'><strong>ιιι</strong></span> <span class='ocrx_word' id='word_1_5' title='bbox 718 393 834 444; x_wconf 76' lang='lat' dir='ltr'><strong>omum</strong></span> <span class='ocrx_word' id='word_1_6' title='bbox 857 394 927 443; x_wconf 69' lang='lat' dir='ltr'><strong>uuo</strong></span> <span class='ocrx_word' id='word_1_7' title='bbox 949 394 1156 446; x_wconf 75' lang='lat' dir='ltr'><strong>meremor.</strong></span> 
     </span>
    </p>
   </div>
   <div class='ocr_carea' id='block_1_2' title="bbox 134 554 1254 1206">
    <p class='ocr_par' dir='ltr' id='par_1_2' title="bbox 134 554 1254 1206">
     <span class='ocr_line' id='line_1_2' title="bbox 136 554 1254 638; baseline -0.002 -17"><span class='ocrx_word' id='word_1_8' title='bbox 136 562 291 621; x_wconf 81' lang='lat' dir='ltr'><strong>Ansstese</strong></span> <span class='ocrx_word' id='word_1_9' title='bbox 317 579 395 638; x_wconf 86' lang='lat' dir='ltr'><strong>quse</strong></span> <span class='ocrx_word' id='word_1_10' title='bbox 422 554 690 620; x_wconf 81' lang='lat' dir='ltr'><strong>eonsuetudinaris</strong></span> <span class='ocrx_word' id='word_1_11' title='bbox 716 560 798 627; x_wconf 73' lang='lat' dir='ltr'><strong>sunt</strong></span> <span class='ocrx_word' id='word_1_12' title='bbox 826 555 907 615; x_wconf 83' lang='lat' dir='ltr'><strong>siout</strong></span> <span class='ocrx_word' id='word_1_13' title='bbox 932 561 1002 616; x_wconf 86' lang='lat' dir='ltr'><strong>toto</strong></span> <span class='ocrx_word' id='word_1_14' title='bbox 1037 576 1132 618; x_wconf 91' lang='lat' dir='ltr'><strong>anno.</strong></span> <span class='ocrx_word' id='word_1_15' title='bbox 1179 555 1254 619; x_wconf 79' lang='lat' dir='ltr'><strong>Cum</strong></span> 
     </span>
     <span class='ocr_line' id='line_1_3' title="bbox 135 647 1254 727; baseline -0.004 -11"><span class='ocrx_word' id='word_1_16' title='bbox 135 662 239 716; x_wconf 91' lang='lat' dir='ltr'><strong>autem</strong></span> <span class='ocrx_word' id='word_1_17' title='bbox 259 674 348 714; x_wconf 89' lang='lat' dir='ltr'><strong>mane</strong></span> <span class='ocrx_word' id='word_1_18' title='bbox 369 654 484 714; x_wconf 81' lang='lat' dir='ltr'><strong>iactum</strong></span> <span class='ocrx_word' id='word_1_19' title='bbox 506 651 612 722; x_wconf 79' lang='lat' dir='ltr'><strong>inerit,</strong></span> <span class='ocrx_word' id='word_1_20' title='bbox 635 647 773 727; x_wconf 85' lang='lat' dir='ltr'><strong>prooedit</strong></span> <span class='ocrx_word' id='word_1_21' title='bbox 793 650 891 708; x_wconf 89' lang='lat' dir='ltr'><strong>omnis</strong></span> <span class='ocrx_word' id='word_1_22' title='bbox 912 650 1045 727; x_wconf 91' lang='lat' dir='ltr'><strong>populus</strong></span> <span class='ocrx_word' id='word_1_23' title='bbox 1069 652 1103 710; x_wconf 90' lang='lat' dir='ltr'><strong>in</strong></span> <span class='ocrx_word' id='word_1_24' title='bbox 1127 651 1254 711; x_wconf 78' lang='lat' dir='ltr'><strong>enclesis</strong></span> 
     </span>
     <span class='ocr_line' id='line_1_4' title="bbox 135 744 1254 827; baseline -0.003 -18"><span class='ocrx_word' id='word_1_25' title='bbox 135 750 257 827; x_wconf 87' lang='lat' dir='ltr'><strong>majore,</strong></span> <span class='ocrx_word' id='word_1_26' title='bbox 285 748 317 807; x_wconf 90' lang='lat' dir='ltr'><strong>id</strong></span> <span class='ocrx_word' id='word_1_27' title='bbox 350 756 397 808; x_wconf 86' lang='lat' dir='ltr'><strong>est</strong></span> <span class='ocrx_word' id='word_1_28' title='bbox 429 746 468 806; x_wconf 90' lang='lat' dir='ltr'><strong>ad</strong></span> <span class='ocrx_word' id='word_1_29' title='bbox 501 744 687 822; x_wconf 71' lang='lat' dir='ltr'><strong>Martyrium</strong></span> <span class='ocrx_word' id='word_1_30' title='bbox 699 765 708 818; x_wconf 91' lang='lat'>;</span> <span class='ocrx_word' id='word_1_31' title='bbox 738 750 874 821; x_wconf 81' lang='lat' dir='ltr'><strong>aguntur</strong></span> <span class='ocrx_word' id='word_1_32' title='bbox 903 745 997 804; x_wconf 89' lang='lat' dir='ltr'><strong>etiam</strong></span> <span class='ocrx_word' id='word_1_33' title='bbox 1034 746 1143 804; x_wconf 82' lang='lat' dir='ltr'><strong>omnia</strong></span> <span class='ocrx_word' id='word_1_34' title='bbox 1178 765 1254 824; x_wconf 86' lang='lat' dir='ltr'><strong>quae</strong></span> 
     </span>
     <span class='ocr_line' id='line_1_5' title="bbox 135 836 1251 917; baseline -0.003 -14"><span class='ocrx_word' id='word_1_35' title='bbox 135 843 403 904; x_wconf 77' lang='lat' dir='ltr'><strong>eonsuetudinnria</strong></span> <span class='ocrx_word' id='word_1_36' title='bbox 428 847 503 902; x_wconf 88' lang='lat' dir='ltr'><strong>sunt</strong></span> <span class='ocrx_word' id='word_1_37' title='bbox 529 839 581 917; x_wconf 81' lang='lat' dir='ltr'><strong>agi</strong></span> <span class='ocrx_word' id='word_1_38' title='bbox 588 862 598 915; x_wconf 82' lang='lat'>3</span> <span class='ocrx_word' id='word_1_39' title='bbox 628 836 809 916; x_wconf 85' lang='lat' dir='ltr'><strong>praedioant</strong></span> <span class='ocrx_word' id='word_1_40' title='bbox 841 838 1024 915; x_wconf 83' lang='lat' dir='ltr'><strong>presbyteri,</strong></span> <span class='ocrx_word' id='word_1_41' title='bbox 1056 839 1251 917; x_wconf 89' lang='lat' dir='ltr'><strong>postmodum</strong></span> 
     </span>
     <span class='ocr_line' id='line_1_6' title="bbox 134 933 1251 1019; baseline -0.002 -19"><span class='ocrx_word' id='word_1_42' title='bbox 134 941 310 1019; x_wconf 85' lang='lat' dir='ltr'><strong>episeopus;</strong></span> <span class='ocrx_word' id='word_1_43' title='bbox 338 945 473 1018; x_wconf 76' lang='lat' dir='ltr'><strong>agimtur</strong></span> <span class='ocrx_word' id='word_1_44' title='bbox 496 936 597 997; x_wconf 86' lang='lat' dir='ltr'><strong>omnia</strong></span> <span class='ocrx_word' id='word_1_45' title='bbox 619 934 764 1012; x_wconf 82' lang='lat' dir='ltr'><strong>legitima,</strong></span> <span class='ocrx_word' id='word_1_46' title='bbox 787 933 820 993; x_wconf 92' lang='lat' dir='ltr'><strong>id</strong></span> <span class='ocrx_word' id='word_1_47' title='bbox 843 942 890 994; x_wconf 90' lang='lat' dir='ltr'><strong>est</strong></span> <span class='ocrx_word' id='word_1_48' title='bbox 914 935 1044 994; x_wconf 82' lang='lat' dir='ltr'><strong>offertur</strong></span> <span class='ocrx_word' id='word_1_49' title='bbox 1063 937 1163 1013; x_wconf 79' lang='lat' dir='ltr'><strong>juxta</strong></span> <span class='ocrx_word' id='word_1_50' title='bbox 1186 958 1251 998; x_wconf 88' lang='lat' dir='ltr'><strong>oon·</strong></span> 
     </span>
     <span class='ocr_line' id='line_1_7' title="bbox 135 1028 1251 1112; baseline -0.001 -18"><span class='ocrx_word' id='word_1_51' title='bbox 135 1034 327 1094; x_wconf 75' lang='lat' dir='ltr'><strong>suetudinem</strong></span> <span class='ocrx_word' id='word_1_52' title='bbox 341 1053 401 1112; x_wconf 91' lang='lat' dir='ltr'><strong>qne</strong></span> <span class='ocrx_word' id='word_1_53' title='bbox 414 1031 566 1092; x_wconf 86' lang='lat' dir='ltr'><strong>dominica</strong></span> <span class='ocrx_word' id='word_1_54' title='bbox 579 1029 629 1088; x_wconf 90' lang='lat' dir='ltr'><strong>die</strong></span> <span class='ocrx_word' id='word_1_55' title='bbox 642 1029 801 1088; x_wconf 80' lang='lat' dir='ltr'><strong>oonsuevit</strong></span> <span class='ocrx_word' id='word_1_56' title='bbox 821 1029 907 1105; x_wconf 84' lang='lat' dir='ltr'><strong>fieri;</strong></span> <span class='ocrx_word' id='word_1_57' title='bbox 928 1028 982 1088; x_wconf 89' lang='lat' dir='ltr'><strong>sed</strong></span> <span class='ocrx_word' id='word_1_58' title='bbox 1002 1029 1113 1090; x_wconf 89' lang='lat' dir='ltr'><strong>eadem</strong></span> <span class='ocrx_word' id='word_1_59' title='bbox 1138 1031 1251 1093; x_wconf 62' lang='lat' dir='ltr'><strong>aoioele·</strong></span> 
     </span>
     <span class='ocr_line' id='line_1_8' title="bbox 136 1122 999 1206; baseline -0.01 -16"><span class='ocrx_word' id='word_1_60' title='bbox 136 1135 224 1190; x_wconf 86' lang='lat' dir='ltr'><strong>ratur</strong></span> <span class='ocrx_word' id='word_1_61' title='bbox 237 1128 330 1188; x_wconf 86' lang='lat' dir='ltr'><strong>missa</strong></span> <span class='ocrx_word' id='word_1_62' title='bbox 343 1129 376 1186; x_wconf 93' lang='lat' dir='ltr'><strong>in</strong></span> <span class='ocrx_word' id='word_1_63' title='bbox 390 1125 586 1206; x_wconf 78' lang='lat' dir='ltr'><strong>Martyrium,</strong></span> <span class='ocrx_word' id='word_1_64' title='bbox 601 1128 724 1183; x_wconf 86' lang='lat' dir='ltr'><strong>utente</strong></span> <span class='ocrx_word' id='word_1_65' title='bbox 738 1122 813 1182; x_wconf 88' lang='lat' dir='ltr'><strong>hora</strong></span> <span class='ocrx_word' id='word_1_66' title='bbox 828 1122 921 1183; x_wconf 90' lang='lat' dir='ltr'><strong>tertia</strong></span> <span class='ocrx_word' id='word_1_67' title='bbox 935 1122 999 1182; x_wconf 83' lang='lat' dir='ltr'><strong>fiat</strong></span> 
     </span>
    </p>
   </div>
   <div class='ocr_carea' id='block_1_3' title="bbox 519 1462 857 1547">
    <p class='ocr_par' dir='ltr' id='par_1_3' title="bbox 519 1462 857 1547">
     <span class='ocr_line' id='line_1_9' title="bbox 519 1462 857 1547; baseline 0.006 -23"><span class='ocrx_word' id='word_1_68' title='bbox 519 1465 564 1547; x_wconf 80' lang='grc' dir='ltr'>(ι)</span> <span class='ocrx_word' id='word_1_69' title='bbox 586 1463 701 1526; x_wconf 63' lang='lat' dir='ltr'><strong>sassa</strong></span> <span class='ocrx_word' id='word_1_70' title='bbox 723 1471 755 1523; x_wconf 76' lang='grc' dir='ltr'>αι</span> <span class='ocrx_word' id='word_1_71' title='bbox 776 1462 857 1526; x_wconf 70' lang='lat' dir='ltr'><strong>sto.</strong></span> 
     </span>
    </p>
   </div>
   <div class='ocr_carea' id='block_1_4' title="bbox 131 1634 1249 2284">
    <p class='ocr_par' dir='ltr' id='par_1_4' title="bbox 131 1634 1249 2284">
     <span class='ocr_line' id='line_1_10' title="bbox 195 1634 1249 1714; baseline -0.001 -12"><span class='ocrx_word' id='word_1_72' title='bbox 195 1639 456 1714; x_wconf 72' lang='lat' dir='ltr'><strong>Quemadmodum</strong></span> <span class='ocrx_word' id='word_1_73' title='bbox 469 1641 550 1699; x_wconf 89' lang='lat' dir='ltr'><strong>enim</strong></span> <span class='ocrx_word' id='word_1_74' title='bbox 563 1639 654 1698; x_wconf 88' lang='lat' dir='ltr'><strong>missa</strong></span> <span class='ocrx_word' id='word_1_75' title='bbox 667 1637 752 1697; x_wconf 81' lang='lat' dir='ltr'><strong>facts</strong></span> <span class='ocrx_word' id='word_1_76' title='bbox 765 1636 861 1696; x_wconf 80' lang='lat' dir='ltr'><strong>fuerit</strong></span> <span class='ocrx_word' id='word_1_77' title='bbox 874 1634 913 1694; x_wconf 89' lang='lat' dir='ltr'><strong>ad</strong></span> <span class='ocrx_word' id='word_1_78' title='bbox 934 1635 1137 1714; x_wconf 73' lang='lat' dir='ltr'><strong>Martyrium,</strong></span> <span class='ocrx_word' id='word_1_79' title='bbox 1152 1641 1249 1700; x_wconf 85' lang='lat' dir='ltr'><strong>omnis</strong></span> 
     </span>
     <span class='ocr_line' id='line_1_11' title="bbox 132 1729 1247 1815; baseline -0.003 -19"><span class='ocrx_word' id='word_1_80' title='bbox 132 1737 261 1815; x_wconf 91' lang='lat' dir='ltr'><strong>populus</strong></span> <span class='ocrx_word' id='word_1_81' title='bbox 275 1734 424 1814; x_wconf 86' lang='lat' dir='ltr'><strong>usquead</strong></span> <span class='ocrx_word' id='word_1_82' title='bbox 438 1753 532 1793; x_wconf 91' lang='lat' dir='ltr'><strong>unum</strong></span> <span class='ocrx_word' id='word_1_83' title='bbox 546 1752 615 1793; x_wconf 87' lang='lat' dir='ltr'><strong>oum</strong></span> <span class='ocrx_word' id='word_1_84' title='bbox 634 1733 735 1810; x_wconf 90' lang='lat' dir='ltr'><strong>ymnis</strong></span> <span class='ocrx_word' id='word_1_85' title='bbox 754 1729 869 1789; x_wconf 84' lang='lat' dir='ltr'><strong>ducent</strong></span> <span class='ocrx_word' id='word_1_86' title='bbox 888 1731 1061 1808; x_wconf 82' lang='lat' dir='ltr'><strong>episcopum</strong></span> <span class='ocrx_word' id='word_1_87' title='bbox 1083 1732 1121 1792; x_wconf 92' lang='lat' dir='ltr'><strong>in</strong></span> <span class='ocrx_word' id='word_1_88' title='bbox 1144 1732 1229 1813; x_wconf 87' lang='lat' dir='ltr'><strong>Syou</strong></span> <span class='ocrx_word' id='word_1_89' title='bbox 1238 1757 1247 1810; x_wconf 92' lang='lat'>;</span> 
     </span>
     <span class='ocr_line' id='line_1_12' title="bbox 133 1824 1248 1906; baseline -0.001 -16"><span class='ocrx_word' id='word_1_90' title='bbox 133 1831 187 1890; x_wconf 87' lang='lat' dir='ltr'><strong>aed</strong></span> <span class='ocrx_word' id='word_1_91' title='bbox 208 1831 282 1890; x_wconf 88' lang='lat' dir='ltr'><strong>hora</strong></span> <span class='ocrx_word' id='word_1_92' title='bbox 305 1830 400 1889; x_wconf 84' lang='lat' dir='ltr'><strong>tertia</strong></span> <span class='ocrx_word' id='word_1_93' title='bbox 421 1829 513 1906; x_wconf 86' lang='lat' dir='ltr'><strong>plena</strong></span> <span class='ocrx_word' id='word_1_94' title='bbox 534 1827 568 1887; x_wconf 95' lang='lat' dir='ltr'><strong>in</strong></span> <span class='ocrx_word' id='word_1_95' title='bbox 591 1827 675 1905; x_wconf 86' lang='lat' dir='ltr'><strong>Syon</strong></span> <span class='ocrx_word' id='word_1_96' title='bbox 694 1826 765 1885; x_wconf 83' lang='lat' dir='ltr'><strong>sint</strong></span> <span class='ocrx_word' id='word_1_97' title='bbox 810 1824 875 1885; x_wconf 89' lang='lat' dir='ltr'><strong>Ubi</strong></span> <span class='ocrx_word' id='word_1_98' title='bbox 897 1844 965 1884; x_wconf 87' lang='lat' dir='ltr'><strong>eum</strong></span> <span class='ocrx_word' id='word_1_99' title='bbox 987 1832 1119 1886; x_wconf 87' lang='lat' dir='ltr'><strong>ventum</strong></span> <span class='ocrx_word' id='word_1_100' title='bbox 1144 1827 1248 1902; x_wconf 78' lang='lat' dir='ltr'><strong>inerit,</strong></span> 
     </span>
     <span class='ocr_line' id='line_1_13' title="bbox 133 1917 1246 2001; baseline -0.002 -17"><span class='ocrx_word' id='word_1_101' title='bbox 133 1925 247 2001; x_wconf 81' lang='lat' dir='ltr'><strong>iegitur</strong></span> <span class='ocrx_word' id='word_1_102' title='bbox 267 1925 319 1983; x_wconf 88' lang='lat' dir='ltr'><strong>ille</strong></span> <span class='ocrx_word' id='word_1_103' title='bbox 339 1923 421 1982; x_wconf 86' lang='lat' dir='ltr'><strong>locus</strong></span> <span class='ocrx_word' id='word_1_104' title='bbox 441 1922 479 1981; x_wconf 86' lang='lat' dir='ltr'><strong>de</strong></span> <span class='ocrx_word' id='word_1_105' title='bbox 499 1923 600 1980; x_wconf 87' lang='lat' dir='ltr'><strong>Actus</strong></span> <span class='ocrx_word' id='word_1_106' title='bbox 621 1920 835 1998; x_wconf 86' lang='lat' dir='ltr'><strong>apostolorum,</strong></span> <span class='ocrx_word' id='word_1_107' title='bbox 849 1918 903 1978; x_wconf 88' lang='lat' dir='ltr'><strong>ubi</strong></span> <span class='ocrx_word' id='word_1_108' title='bbox 922 1917 1083 1978; x_wconf 83' lang='lat' dir='ltr'><strong>deseendit</strong></span> <span class='ocrx_word' id='word_1_109' title='bbox 1103 1919 1246 1999; x_wconf 81' lang='lat' dir='ltr'><strong>Spiritus,</strong></span> 
     </span>
     <span class='ocr_line' id='line_1_14' title="bbox 132 2011 1248 2094; baseline -0.003 -16"><span class='ocrx_word' id='word_1_110' title='bbox 132 2025 169 2079; x_wconf 88' lang='lat' dir='ltr'><strong>ut</strong></span> <span class='ocrx_word' id='word_1_111' title='bbox 195 2037 299 2080; x_wconf 90' lang='lat' dir='ltr'><strong>omnes</strong></span> <span class='ocrx_word' id='word_1_112' title='bbox 326 2018 448 2094; x_wconf 78' lang='lat' dir='ltr'><strong>linguae</strong></span> <span class='ocrx_word' id='word_1_113' title='bbox 475 2015 689 2092; x_wconf 69' lang='lat' dir='ltr'>intellegerent</span> <span class='ocrx_word' id='word_1_114' title='bbox 716 2033 793 2092; x_wconf 88' lang='lat' dir='ltr'><strong>quae</strong></span> <span class='ocrx_word' id='word_1_115' title='bbox 818 2011 1017 2088; x_wconf 81' lang='lat' dir='ltr'><strong>dioebantm3</strong></span> <span class='ocrx_word' id='word_1_116' title='bbox 1052 2017 1248 2091; x_wconf 85' lang='lat' dir='ltr'><strong>postmodnm</strong></span> 
     </span>
     <span class='ocr_line' id='line_1_15' title="bbox 132 2105 1247 2186; baseline -0.002 -14"><span class='ocrx_word' id='word_1_117' title='bbox 132 2113 169 2172; x_wconf 85' lang='lat' dir='ltr'><strong>fit</strong></span> <span class='ocrx_word' id='word_1_118' title='bbox 182 2112 288 2172; x_wconf 89' lang='lat' dir='ltr'><strong>ordine</strong></span> <span class='ocrx_word' id='word_1_119' title='bbox 302 2130 357 2171; x_wconf 87' lang='lat' dir='ltr'><strong>suo</strong></span> <span class='ocrx_word' id='word_1_120' title='bbox 370 2111 469 2171; x_wconf 88' lang='lat' dir='ltr'><strong>missa.</strong></span> <span class='ocrx_word' id='word_1_121' title='bbox 513 2109 594 2168; x_wconf 83' lang='lat' dir='ltr'><strong>Nam</strong></span> <span class='ocrx_word' id='word_1_122' title='bbox 608 2109 780 2186; x_wconf 80' lang='lat' dir='ltr'><strong>presbyteri</strong></span> <span class='ocrx_word' id='word_1_123' title='bbox 791 2106 831 2166; x_wconf 93' lang='lat' dir='ltr'><strong>de</strong></span> <span class='ocrx_word' id='word_1_124' title='bbox 844 2105 901 2166; x_wconf 87' lang='lat' dir='ltr'><strong>hoo</strong></span> <span class='ocrx_word' id='word_1_125' title='bbox 921 2106 1010 2184; x_wconf 84' lang='lat' dir='ltr'><strong>ipsud</strong></span> <span class='ocrx_word' id='word_1_126' title='bbox 1029 2107 1113 2185; x_wconf 91' lang='lat' dir='ltr'><strong>quod</strong></span> <span class='ocrx_word' id='word_1_127' title='bbox 1134 2110 1247 2170; x_wconf 81' lang='lat' dir='ltr'><strong>lectum</strong></span> 
     </span>
     <span class='ocr_line' id='line_1_16' title="bbox 131 2199 1248 2284; baseline -0.003 -18"><span class='ocrx_word' id='word_1_128' title='bbox 131 2213 190 2278; x_wconf 86' lang='lat' dir='ltr'><strong>eet,</strong></span> <span class='ocrx_word' id='word_1_129' title='bbox 214 2207 286 2284; x_wconf 87' lang='lat' dir='ltr'><strong>quia</strong></span> <span class='ocrx_word' id='word_1_130' title='bbox 308 2206 373 2284; x_wconf 88' lang='lat' dir='ltr'><strong>ipse</strong></span> <span class='ocrx_word' id='word_1_131' title='bbox 396 2210 445 2265; x_wconf 87' lang='lat' dir='ltr'><strong>est</strong></span> <span class='ocrx_word' id='word_1_132' title='bbox 472 2204 555 2263; x_wconf 86' lang='lat' dir='ltr'><strong>loona</strong></span> <span class='ocrx_word' id='word_1_133' title='bbox 581 2204 616 2262; x_wconf 92' lang='lat' dir='ltr'><strong>in</strong></span> <span class='ocrx_word' id='word_1_134' title='bbox 642 2203 726 2280; x_wconf 86' lang='lat' dir='ltr'><strong>Syon</strong></span> <span class='ocrx_word' id='word_1_135' title='bbox 753 2203 806 2262; x_wconf 90' lang='lat' dir='ltr'><strong>ubi</strong></span> <span class='ocrx_word' id='word_1_136' title='bbox 833 2201 921 2261; x_wconf 91' lang='lat' dir='ltr'><strong>modo</strong></span> <span class='ocrx_word' id='word_1_137' title='bbox 947 2199 1075 2260; x_wconf 86' lang='lat' dir='ltr'><strong>eeclesia</strong></span> <span class='ocrx_word' id='word_1_138' title='bbox 1104 2210 1166 2277; x_wconf 88' lang='lat' dir='ltr'><strong>est,</strong></span> <span class='ocrx_word' id='word_1_139' title='bbox 1194 2206 1248 2265; x_wconf 88' lang='lat' dir='ltr'><strong>ubi</strong></span> 
     </span>
    </p>
   </div>
   <div class='ocr_carea' id='block_1_5' title="bbox 129 2295 1248 2848">
    <p class='ocr_par' dir='ltr' id='par_1_5' title="bbox 129 2295 1248 2848">
     <span class='ocr_line' id='line_1_17' title="bbox 131 2295 1246 2378; baseline 0 -20"><span class='ocrx_word' id='word_1_140' title='bbox 131 2299 282 2378; x_wconf 88' lang='lat' dir='ltr'><strong>quondam</strong></span> <span class='ocrx_word' id='word_1_141' title='bbox 303 2304 374 2376; x_wconf 87' lang='lat' dir='ltr'><strong>post</strong></span> <span class='ocrx_word' id='word_1_142' title='bbox 395 2298 564 2375; x_wconf 76' lang='lat' dir='ltr'><strong>passionem</strong></span> <span class='ocrx_word' id='word_1_143' title='bbox 588 2296 713 2355; x_wconf 87' lang='lat' dir='ltr'><strong>Domini</strong></span> <span class='ocrx_word' id='word_1_144' title='bbox 736 2296 863 2355; x_wconf 85' lang='lat' dir='ltr'><strong>oolleote</strong></span> <span class='ocrx_word' id='word_1_145' title='bbox 889 2301 957 2354; x_wconf 89' lang='lat' dir='ltr'><strong>erat</strong></span> <span class='ocrx_word' id='word_1_146' title='bbox 979 2295 1155 2357; x_wconf 89' lang='lat' dir='ltr'><strong>multitudo</strong></span> <span class='ocrx_word' id='word_1_147' title='bbox 1178 2318 1246 2358; x_wconf 87' lang='lat' dir='ltr'><strong>cum</strong></span> 
     </span>
     <span class='ocr_line' id='line_1_18' title="bbox 131 2387 1247 2469; baseline 0.001 -18"><span class='ocrx_word' id='word_1_148' title='bbox 131 2392 285 2469; x_wconf 87' lang='lat' dir='ltr'><strong>apostolis,</strong></span> <span class='ocrx_word' id='word_1_149' title='bbox 309 2411 371 2469; x_wconf 87' lang='lat' dir='ltr'><strong>qua</strong></span> <span class='ocrx_word' id='word_1_150' title='bbox 392 2391 449 2450; x_wconf 90' lang='lat' dir='ltr'><strong>hoo</strong></span> <span class='ocrx_word' id='word_1_151' title='bbox 468 2390 585 2450; x_wconf 75' lang='lat' dir='ltr'><strong>{notum</strong></span> <span class='ocrx_word' id='word_1_152' title='bbox 605 2398 660 2463; x_wconf 68' lang='lat' dir='ltr'><strong>est</strong></span> <span class='ocrx_word' id='word_1_153' title='bbox 676 2396 713 2449; x_wconf 89' lang='grc' dir='ltr'><strong>ιιι</strong></span> <span class='ocrx_word' id='word_1_154' title='bbox 736 2389 874 2467; x_wconf 88' lang='lat' dir='ltr'><strong>superius</strong></span> <span class='ocrx_word' id='word_1_155' title='bbox 896 2387 1029 2448; x_wconf 80' lang='lat' dir='ltr'><strong>diximus</strong></span> <span class='ocrx_word' id='word_1_156' title='bbox 1049 2389 1112 2468; x_wconf 78' lang='lat' dir='ltr'><strong>legi</strong></span> <span class='ocrx_word' id='word_1_157' title='bbox 1137 2393 1182 2452; x_wconf 91' lang='lat' dir='ltr'><strong>ibi</strong></span> <span class='ocrx_word' id='word_1_158' title='bbox 1209 2391 1247 2452; x_wconf 90' lang='lat' dir='ltr'><strong>de</strong></span> 
     </span>
     <span class='ocr_line' id='line_1_19' title="bbox 130 2482 1248 2562; baseline 0.001 -16"><span class='ocrx_word' id='word_1_159' title='bbox 130 2485 264 2546; x_wconf 83' lang='lat' dir='ltr'><strong>Actibus</strong></span> <span class='ocrx_word' id='word_1_160' title='bbox 278 2484 490 2562; x_wconf 87' lang='lat' dir='ltr'><strong>apostolorum</strong></span> <span class='ocrx_word' id='word_1_161' title='bbox 533 2483 729 2543; x_wconf 80' lang='lat' dir='ltr'><strong>Postmodum</strong></span> <span class='ocrx_word' id='word_1_162' title='bbox 743 2483 780 2542; x_wconf 84' lang='lat' dir='ltr'><strong>fit</strong></span> <span class='ocrx_word' id='word_1_163' title='bbox 793 2482 900 2543; x_wconf 89' lang='lat' dir='ltr'><strong>ordine</strong></span> <span class='ocrx_word' id='word_1_164' title='bbox 914 2502 967 2542; x_wconf 87' lang='lat' dir='ltr'><strong>suo</strong></span> <span class='ocrx_word' id='word_1_165' title='bbox 981 2483 1097 2560; x_wconf 88' lang='lat' dir='ltr'><strong>missa;</strong></span> <span class='ocrx_word' id='word_1_166' title='bbox 1118 2486 1248 2546; x_wconf 83' lang='lat' dir='ltr'><strong>offertur</strong></span> 
     </span>
     <span class='ocr_line' id='line_1_20' title="bbox 129 2577 1246 2655; baseline 0.001 -16"><span class='ocrx_word' id='word_1_167' title='bbox 129 2586 162 2639; x_wconf 90' lang='lat' dir='ltr'><strong>et</strong></span> <span class='ocrx_word' id='word_1_168' title='bbox 174 2580 218 2638; x_wconf 92' lang='lat' dir='ltr'><strong>ibi</strong></span> <span class='ocrx_word' id='word_1_169' title='bbox 232 2580 326 2637; x_wconf 88' lang='lat' dir='ltr'><strong>etiam</strong></span> <span class='ocrx_word' id='word_1_170' title='bbox 339 2601 346 2652; x_wconf 89' lang='grc'><strong>;</strong></span> <span class='ocrx_word' id='word_1_171' title='bbox 368 2585 405 2639; x_wconf 91' lang='lat' dir='ltr'><strong>ut</strong></span> <span class='ocrx_word' id='word_1_172' title='bbox 418 2577 595 2638; x_wconf 87' lang='lat' dir='ltr'><strong>dimittatur</strong></span> <span class='ocrx_word' id='word_1_173' title='bbox 614 2578 751 2655; x_wconf 86' lang='lat' dir='ltr'><strong>populus,</strong></span> <span class='ocrx_word' id='word_1_174' title='bbox 767 2578 868 2636; x_wconf 88' lang='lat' dir='ltr'><strong>mittit</strong></span> <span class='ocrx_word' id='word_1_175' title='bbox 881 2596 984 2636; x_wconf 87' lang='lat' dir='ltr'><strong>vooem</strong></span> <span class='ocrx_word' id='word_1_176' title='bbox 995 2577 1246 2653; x_wconf 82' lang='lat' dir='ltr'><strong>archidiaconus,</strong></span> 
     </span>
     <span class='ocr_line' id='line_1_21' title="bbox 130 2670 1248 2751; baseline 0.004 -20"><span class='ocrx_word' id='word_1_177' title='bbox 130 2678 162 2731; x_wconf 89' lang='lat' dir='ltr'><strong>et</strong></span> <span class='ocrx_word' id='word_1_178' title='bbox 176 2671 275 2731; x_wconf 86' lang='lat' dir='ltr'><strong>dicet:</strong></span> <span class='ocrx_word' id='word_1_179' title='bbox 297 2671 432 2731; x_wconf 88' lang='lat' dir='ltr'><strong>“Hodie</strong></span> <span class='ocrx_word' id='word_1_180' title='bbox 445 2672 552 2730; x_wconf 81' lang='lat' dir='ltr'><strong>stetim</strong></span> <span class='ocrx_word' id='word_1_181' title='bbox 566 2676 635 2750; x_wconf 84' lang='lat' dir='ltr'><strong>post</strong></span> <span class='ocrx_word' id='word_1_182' title='bbox 649 2677 737 2731; x_wconf 87' lang='lat' dir='ltr'><strong>sexta</strong></span> <span class='ocrx_word' id='word_1_183' title='bbox 748 2689 851 2731; x_wconf 88' lang='lat' dir='ltr'><strong>omnes</strong></span> <span class='ocrx_word' id='word_1_184' title='bbox 861 2671 895 2730; x_wconf 89' lang='lat' dir='ltr'><strong>in</strong></span> <span class='ocrx_word' id='word_1_185' title='bbox 909 2670 1027 2731; x_wconf 76' lang='lat' dir='ltr'><strong>Eleous</strong></span> <span class='ocrx_word' id='word_1_186' title='bbox 1037 2674 1144 2751; x_wconf 81' lang='lat' dir='ltr'><strong>parati</strong></span> <span class='ocrx_word' id='word_1_187' title='bbox 1154 2675 1248 2735; x_wconf 83' lang='lat' dir='ltr'><strong>simus</strong></span> 
     </span>
     <span class='ocr_line' id='line_1_22' title="bbox 130 2762 390 2848; baseline 0 -23"><span class='ocrx_word' id='word_1_188' title='bbox 130 2767 163 2825; x_wconf 89' lang='lat' dir='ltr'><strong>in</strong></span> <span class='ocrx_word' id='word_1_189' title='bbox 179 2762 390 2848; x_wconf 85' lang='lat' dir='ltr'><strong>[Im]bomon.”</strong></span> 
     </span>
    </p>
   </div>
   <div class='ocr_carea' id='block_1_6' title="bbox 373 3055 979 3139">
    <p class='ocr_par' dir='ltr' id='par_1_6' title="bbox 373 3055 979 3139">
     <span class='ocr_line' id='line_1_23' title="bbox 373 3055 979 3139; baseline -0.003 -21"><span class='ocrx_word' id='word_1_190' title='bbox 373 3057 414 3139; x_wconf 86' lang='lat' dir='ltr'><strong>(o)</strong></span> <span class='ocrx_word' id='word_1_191' title='bbox 435 3057 549 3119; x_wconf 77' lang='lat' dir='ltr'><strong>Station</strong></span> <span class='ocrx_word' id='word_1_192' title='bbox 572 3067 604 3118; x_wconf 82' lang='lat' dir='ltr'><strong>ot</strong></span> <span class='ocrx_word' id='word_1_193' title='bbox 626 3058 672 3119; x_wconf 65' lang='lat' dir='ltr'><strong>ito</strong></span> <span class='ocrx_word' id='word_1_194' title='bbox 694 3057 796 3119; x_wconf 78' lang='lat' dir='ltr'><strong>Mouet</strong></span> <span class='ocrx_word' id='word_1_195' title='bbox 819 3056 856 3134; x_wconf 83' lang='lat' dir='ltr'><strong>of</strong></span> <span class='ocrx_word' id='word_1_196' title='bbox 876 3055 979 3118; x_wconf 79' lang='lat' dir='ltr'><strong>Olivee.</strong></span> 
     </span>
    </p>
   </div>
   <div class='ocr_carea' id='block_1_7' title="bbox 128 3226 1243 4163">
    <p class='ocr_par' dir='ltr' id='par_1_7' title="bbox 128 3226 1243 4163">
     <span class='ocr_line' id='line_1_24' title="bbox 191 3226 1243 3307; baseline 0.014 -24"><span class='ocrx_word' id='word_1_197' title='bbox 191 3226 372 3286; x_wconf 85' lang='lat' dir='ltr'><strong>Revertitur</strong></span> <span class='ocrx_word' id='word_1_198' title='bbox 385 3247 458 3305; x_wconf 82' lang='lat' dir='ltr'><strong>ergo</strong></span> <span class='ocrx_word' id='word_1_199' title='bbox 470 3229 567 3287; x_wconf 87' lang='lat' dir='ltr'><strong>omnis</strong></span> <span class='ocrx_word' id='word_1_200' title='bbox 581 3229 709 3307; x_wconf 78' lang='lat' dir='ltr'><strong>populus</strong></span> <span class='ocrx_word' id='word_1_201' title='bbox 727 3227 934 3305; x_wconf 83' lang='lat' dir='ltr'><strong>unusquisque</strong></span> <span class='ocrx_word' id='word_1_202' title='bbox 950 3226 983 3285; x_wconf 92' lang='lat' dir='ltr'><strong>in</strong></span> <span class='ocrx_word' id='word_1_203' title='bbox 1005 3226 1131 3292; x_wconf 91' lang='lat' dir='ltr'><strong>domum</strong></span> <span class='ocrx_word' id='word_1_204' title='bbox 1157 3255 1243 3298; x_wconf 83' lang='lat' dir='ltr'><strong>susm</strong></span> 
     </span>
     <span class='ocr_line' id='line_1_25' title="bbox 128 3318 1241 3404; baseline 0.011 -27"><span class='ocrx_word' id='word_1_205' title='bbox 128 3339 280 3378; x_wconf 84' lang='lat' dir='ltr'><strong>resumere</strong></span> <span class='ocrx_word' id='word_1_206' title='bbox 301 3340 341 3392; x_wconf 86' lang='lat' dir='ltr'><strong>se,</strong></span> <span class='ocrx_word' id='word_1_207' title='bbox 368 3327 401 3379; x_wconf 94' lang='lat' dir='ltr'><strong>et</strong></span> <span class='ocrx_word' id='word_1_208' title='bbox 416 3323 522 3381; x_wconf 83' lang='lat' dir='ltr'><strong>statim</strong></span> <span class='ocrx_word' id='word_1_209' title='bbox 540 3328 609 3399; x_wconf 88' lang='lat' dir='ltr'><strong>post</strong></span> <span class='ocrx_word' id='word_1_210' title='bbox 633 3320 794 3400; x_wconf 89' lang='lat' dir='ltr'><strong>prandium</strong></span> <span class='ocrx_word' id='word_1_211' title='bbox 815 3318 989 3379; x_wconf 85' lang='lat' dir='ltr'><strong>aseenditur</strong></span> <span class='ocrx_word' id='word_1_212' title='bbox 1009 3339 1098 3382; x_wconf 90' lang='lat' dir='ltr'><strong>mous</strong></span> <span class='ocrx_word' id='word_1_213' title='bbox 1117 3327 1241 3404; x_wconf 81' lang='lat' dir='ltr'><strong>Oliveti,</strong></span> 
     </span>
     <span class='ocr_line' id='line_1_26' title="bbox 128 3415 1243 3496; baseline 0.012 -23"><span class='ocrx_word' id='word_1_214' title='bbox 128 3415 160 3473; x_wconf 93' lang='lat' dir='ltr'><strong>id</strong></span> <span class='ocrx_word' id='word_1_215' title='bbox 188 3423 235 3473; x_wconf 91' lang='lat' dir='ltr'><strong>est</strong></span> <span class='ocrx_word' id='word_1_216' title='bbox 262 3417 295 3473; x_wconf 92' lang='lat' dir='ltr'><strong>in</strong></span> <span class='ocrx_word' id='word_1_217' title='bbox 321 3417 445 3489; x_wconf 77' lang='lat' dir='ltr'><strong>Eleous,</strong></span> <span class='ocrx_word' id='word_1_218' title='bbox 473 3419 681 3496; x_wconf 89' lang='lat' dir='ltr'><strong>unusquisque</strong></span> <span class='ocrx_word' id='word_1_219' title='bbox 703 3416 849 3496; x_wconf 90' lang='lat' dir='ltr'><strong>quomodo</strong></span> <span class='ocrx_word' id='word_1_220' title='bbox 870 3419 981 3492; x_wconf 82' lang='lat' dir='ltr'><strong>potest,</strong></span> <span class='ocrx_word' id='word_1_221' title='bbox 1006 3415 1053 3474; x_wconf 78' lang='lat' dir='ltr'><strong>ita</strong></span> <span class='ocrx_word' id='word_1_222' title='bbox 1074 3426 1114 3477; x_wconf 89' lang='lat' dir='ltr'><strong>ut</strong></span> <span class='ocrx_word' id='word_1_223' title='bbox 1139 3425 1243 3486; x_wconf 85' lang='lat' dir='ltr'><strong>nullus</strong></span> 
     </span>
     <span class='ocr_line' id='line_1_27' title="bbox 130 3508 1241 3590; baseline 0.005 -24"><span class='ocrx_word' id='word_1_224' title='bbox 130 3508 315 3568; x_wconf 83' lang='lat' dir='ltr'><strong>christianus</strong></span> <span class='ocrx_word' id='word_1_225' title='bbox 330 3518 485 3569; x_wconf 88' lang='lat' dir='ltr'><strong>remaneat</strong></span> <span class='ocrx_word' id='word_1_226' title='bbox 505 3512 539 3569; x_wconf 91' lang='lat' dir='ltr'><strong>in</strong></span> <span class='ocrx_word' id='word_1_227' title='bbox 560 3513 697 3585; x_wconf 71' lang='lat' dir='ltr'><strong>uixitate,</strong></span> <span class='ocrx_word' id='word_1_228' title='bbox 717 3511 858 3590; x_wconf 90' lang='lat' dir='ltr'><strong>quoniam</strong></span> <span class='ocrx_word' id='word_1_229' title='bbox 876 3527 979 3567; x_wconf 88' lang='lat' dir='ltr'><strong>omnes</strong></span> <span class='ocrx_word' id='word_1_230' title='bbox 993 3510 1119 3572; x_wconf 85' lang='lat' dir='ltr'><strong>vedent.</strong></span> <span class='ocrx_word' id='word_1_231' title='bbox 1163 3517 1241 3588; x_wconf 69' lang='lat' dir='ltr'><strong>Qua</strong></span> 
     </span>
     <span class='ocr_line' id='line_1_28' title="bbox 129 3600 1241 3680; baseline 0.005 -21"><span class='ocrx_word' id='word_1_232' title='bbox 129 3601 321 3661; x_wconf 86' lang='lat' dir='ltr'><strong>madmodum</strong></span> <span class='ocrx_word' id='word_1_233' title='bbox 348 3623 419 3680; x_wconf 79' lang='lat' dir='ltr'><strong>ergo</strong></span> <span class='ocrx_word' id='word_1_234' title='bbox 441 3604 577 3663; x_wconf 83' lang='lat' dir='ltr'><strong>subitum</strong></span> <span class='ocrx_word' id='word_1_235' title='bbox 605 3605 701 3664; x_wconf 84' lang='lat' dir='ltr'><strong>fuerit</strong></span> <span class='ocrx_word' id='word_1_236' title='bbox 728 3606 761 3662; x_wconf 94' lang='lat' dir='ltr'><strong>in</strong></span> <span class='ocrx_word' id='word_1_237' title='bbox 788 3609 892 3662; x_wconf 91' lang='lat' dir='ltr'><strong>monte</strong></span> <span class='ocrx_word' id='word_1_238' title='bbox 919 3600 1045 3675; x_wconf 89' lang='lat' dir='ltr'><strong>Oliveti,</strong></span> <span class='ocrx_word' id='word_1_239' title='bbox 1069 3605 1103 3664; x_wconf 92' lang='lat' dir='ltr'><strong>id</strong></span> <span class='ocrx_word' id='word_1_240' title='bbox 1131 3616 1181 3668; x_wconf 85' lang='lat' dir='ltr'><strong>est</strong></span> <span class='ocrx_word' id='word_1_241' title='bbox 1209 3613 1241 3671; x_wconf 82' lang='lat' dir='ltr'><strong>in</strong></span> 
     </span>
     <span class='ocr_line' id='line_1_29' title="bbox 128 3694 1241 3773; baseline 0.014 -21"><span class='ocrx_word' id='word_1_242' title='bbox 128 3694 250 3767; x_wconf 76' lang='lat' dir='ltr'><strong>Eleous,</strong></span> <span class='ocrx_word' id='word_1_243' title='bbox 266 3698 396 3773; x_wconf 90' lang='lat' dir='ltr'><strong>primum</strong></span> <span class='ocrx_word' id='word_1_244' title='bbox 409 3699 473 3758; x_wconf 86' lang='lat' dir='ltr'><strong>itur</strong></span> <span class='ocrx_word' id='word_1_245' title='bbox 486 3700 520 3757; x_wconf 89' lang='lat' dir='ltr'><strong>in</strong></span> <span class='ocrx_word' id='word_1_246' title='bbox 534 3699 701 3771; x_wconf 77' lang='lat' dir='ltr'><strong>imbomon,</strong></span> <span class='ocrx_word' id='word_1_247' title='bbox 715 3699 745 3758; x_wconf 90' lang='lat' dir='ltr'><strong>id</strong></span> <span class='ocrx_word' id='word_1_248' title='bbox 760 3706 808 3758; x_wconf 91' lang='lat' dir='ltr'><strong>est</strong></span> <span class='ocrx_word' id='word_1_249' title='bbox 822 3700 855 3757; x_wconf 91' lang='lat' dir='ltr'><strong>iu</strong></span> <span class='ocrx_word' id='word_1_250' title='bbox 868 3717 904 3757; x_wconf 91' lang='lat' dir='ltr'><strong>eo</strong></span> <span class='ocrx_word' id='word_1_251' title='bbox 918 3697 991 3769; x_wconf 87' lang='lat' dir='ltr'><strong>looo,</strong></span> <span class='ocrx_word' id='word_1_252' title='bbox 1001 3698 1084 3759; x_wconf 88' lang='lat' dir='ltr'><strong>unde</strong></span> <span class='ocrx_word' id='word_1_253' title='bbox 1099 3708 1241 3767; x_wconf 81' lang='lat' dir='ltr'><strong>ascendit</strong></span> 
     </span>
     <span class='ocr_line' id='line_1_30' title="bbox 128 3787 1239 3873; baseline 0.015 -28"><span class='ocrx_word' id='word_1_254' title='bbox 128 3787 279 3847; x_wconf 77' lang='lat' dir='ltr'><strong>Dominus</strong></span> <span class='ocrx_word' id='word_1_255' title='bbox 298 3791 331 3848; x_wconf 91' lang='lat' dir='ltr'><strong>in</strong></span> <span class='ocrx_word' id='word_1_256' title='bbox 354 3791 463 3866; x_wconf 79' lang='lat' dir='ltr'><strong>caelie3</strong></span> <span class='ocrx_word' id='word_1_257' title='bbox 485 3799 517 3851; x_wconf 85' lang='lat' dir='ltr'><strong>et</strong></span> <span class='ocrx_word' id='word_1_258' title='bbox 538 3794 581 3853; x_wconf 91' lang='lat' dir='ltr'><strong>ibi</strong></span> <span class='ocrx_word' id='word_1_259' title='bbox 600 3792 686 3853; x_wconf 83' lang='lat' dir='ltr'><strong>sedet</strong></span> <span class='ocrx_word' id='word_1_260' title='bbox 708 3794 862 3872; x_wconf 86' lang='lat' dir='ltr'><strong>episeopus</strong></span> <span class='ocrx_word' id='word_1_261' title='bbox 882 3799 915 3852; x_wconf 91' lang='lat' dir='ltr'><strong>et</strong></span> <span class='ocrx_word' id='word_1_262' title='bbox 931 3794 1116 3873; x_wconf 83' lang='lat' dir='ltr'><strong>presbyteri,</strong></span> <span class='ocrx_word' id='word_1_263' title='bbox 1131 3800 1186 3860; x_wconf 86' lang='lat' dir='ltr'><strong>sed</strong></span> <span class='ocrx_word' id='word_1_264' title='bbox 1208 3810 1239 3861; x_wconf 89' lang='lat' dir='ltr'><strong>et</strong></span> 
     </span>
     <span class='ocr_line' id='line_1_31' title="bbox 128 3882 1240 3971; baseline 0.016 -35"><span class='ocrx_word' id='word_1_265' title='bbox 128 3882 225 3939; x_wconf 83' lang='lat' dir='ltr'><strong>omnis</strong></span> <span class='ocrx_word' id='word_1_266' title='bbox 252 3885 388 3959; x_wconf 88' lang='lat' dir='ltr'><strong>populus.</strong></span> <span class='ocrx_word' id='word_1_267' title='bbox 443 3886 601 3964; x_wconf 86' lang='lat' dir='ltr'><strong>Leguntur</strong></span> <span class='ocrx_word' id='word_1_268' title='bbox 629 3889 671 3945; x_wconf 91' lang='lat' dir='ltr'><strong>ibi</strong></span> <span class='ocrx_word' id='word_1_269' title='bbox 699 3887 851 3960; x_wconf 86' lang='lat' dir='ltr'><strong>lectiones,</strong></span> <span class='ocrx_word' id='word_1_270' title='bbox 880 3887 1028 3947; x_wconf 87' lang='lat' dir='ltr'><strong>dicuutur</strong></span> <span class='ocrx_word' id='word_1_271' title='bbox 1055 3888 1240 3971; x_wconf 80' lang='lat' dir='ltr'><strong>interposite</strong></span> 
     </span>
     <span class='ocr_line' id='line_1_32' title="bbox 130 3975 1238 4059; baseline 0.015 -28"><span class='ocrx_word' id='word_1_272' title='bbox 130 3975 226 4050; x_wconf 85' lang='lat' dir='ltr'><strong>ymni,</strong></span> <span class='ocrx_word' id='word_1_273' title='bbox 242 3975 386 4036; x_wconf 90' lang='lat' dir='ltr'><strong>dicuntur</strong></span> <span class='ocrx_word' id='word_1_274' title='bbox 405 3986 437 4038; x_wconf 92' lang='lat' dir='ltr'><strong>et</strong></span> <span class='ocrx_word' id='word_1_275' title='bbox 456 3980 640 4057; x_wconf 80' lang='lat' dir='ltr'><strong>antiphonae</strong></span> <span class='ocrx_word' id='word_1_276' title='bbox 659 3988 748 4057; x_wconf 75' lang='lat' dir='ltr'><strong>aptae</strong></span> <span class='ocrx_word' id='word_1_277' title='bbox 769 3980 830 4040; x_wconf 92' lang='lat' dir='ltr'><strong>diei</strong></span> <span class='ocrx_word' id='word_1_278' title='bbox 846 3982 903 4059; x_wconf 86' lang='lat' dir='ltr'><strong>ipsi</strong></span> <span class='ocrx_word' id='word_1_279' title='bbox 922 3988 953 4041; x_wconf 92' lang='lat' dir='ltr'><strong>et</strong></span> <span class='ocrx_word' id='word_1_280' title='bbox 975 3982 1062 4059; x_wconf 78' lang='lat'>10005</span> <span class='ocrx_word' id='word_1_281' title='bbox 1082 3989 1238 4050; x_wconf 86' lang='lat' dir='ltr'><strong>orationes</strong></span> 
     </span>
     <span class='ocr_line' id='line_1_33' title="bbox 130 4068 1239 4163; baseline 0.015 -36"><span class='ocrx_word' id='word_1_282' title='bbox 130 4068 222 4127; x_wconf 83' lang='lat' dir='ltr'><strong>etiam</strong></span> <span class='ocrx_word' id='word_1_283' title='bbox 238 4089 313 4146; x_wconf 87' lang='lat' dir='ltr'><strong>quae</strong></span> <span class='ocrx_word' id='word_1_284' title='bbox 333 4072 571 4153; x_wconf 89' lang='lat' dir='ltr'><strong>interponuntur</strong></span> <span class='ocrx_word' id='word_1_285' title='bbox 590 4094 706 4154; x_wconf 86' lang='lat' dir='ltr'><strong>semper</strong></span> <span class='ocrx_word' id='word_1_286' title='bbox 725 4077 802 4136; x_wconf 84' lang='lat' dir='ltr'><strong>tales</strong></span> <span class='ocrx_word' id='word_1_287' title='bbox 820 4078 1090 4158; x_wconf 75' lang='lat' dir='ltr'><strong>pronuntiationes</strong></span> <span class='ocrx_word' id='word_1_288' title='bbox 1111 4079 1239 4163; x_wconf 81' lang='lat' dir='ltr'><strong>habent,</strong></span> 
     </span>
    </p>
   </div>
   <div class='ocr_carea' id='block_1_8' title="bbox 0 0 1408 4822">
    <p class='ocr_par' dir='ltr' id='par_1_8' title="bbox 0 0 1408 4822">
     <span class='ocr_line' id='line_1_34' title="bbox 0 0 1408 4822; baseline 0 3"><span class='ocrx_word' id='word_1_289' title='bbox 0 0 1408 4822; x_wconf 95' lang='lat' dir='ltr'><strong> </strong></span> 
     </span>
    </p>
   </div>
  </div>
 </body>
</html>
