2814 4816
612 362 785 412 rrrrsnnr.
1192 348 1257 417 477

147 533 220 585 ants
233 526 340 598 eltsre,
354 531 386 584 et
400 523 520 583 dissoni
533 522 585 601 qui
598 522 733 583 ordinati
747 528 820 582 sunt
833 528 921 582 stent
941 521 981 581 od
1002 523 1085 582 lstus
1105 525 1257 602 pontiliois

148 619 236 694 iuxta
258 619 368 679 sedem.
419 617 462 675 Et
485 615 714 677 archidiaconus
737 615 841 676 induit
865 615 980 676 orsrios
1003 623 1037 677 et
1059 618 1193 697 plenitus
1216 618 1256 678 sd

147 714 340 791 presbiteros,
362 717 448 771 stsns
467 718 541 770 snte
560 711 667 784 sltsre,
689 717 722 770 et
743 712 856 770 iterum
879 710 966 770 ducit
990 730 1041 771 eos
1062 718 1136 773 ants
1158 715 1257 792 ponti-

147 807 241 879 ficem,
253 814 287 867 et
299 807 454 884 ascipiunt
466 805 634 865 orationem
648 804 821 882 presbiterii
831 804 854 843 (ί)
867 806 907 864 sb
921 805 995 883 ipso.
1039 805 1112 884 Ipse
1124 809 1257 886 expleta,

147 901 233 961 ducit
246 921 297 961 eos
310 900 540 960 orchidisoonus
559 897 724 958 osculando
743 918 798 978 per
818 898 956 958 ordinem
969 899 1132 978 episcopos,
1147 901 1257 961 deinde

146 996 352 1072 presbiteros3
380 1001 414 1054 et
436 998 524 1052 stsnt
546 993 580 1051 in
608 999 710 1070 osput,
734 1011 828 1070 supra
855 1011 959 1052 omnes
985 993 1179 1071 presbiteros,
1202 1015 1257 1073 per

146 1089 292 1162 ordinem,
321 1090 401 1148 siout
428 1087 531 1147 voosti
553 1093 629 1146 sunt
656 1107 675 1145 s
702 1087 852 1166 pontilioe‚
881 1087 986 1147 eodem
1020 1088 1078 1148 die
1135 1090 1257 1151 Deinde

146 1183 279 1243 offerunt
289 1182 426 1260 pontifici
438 1188 513 1241 ente
525 1200 629 1241 omnes
639 1182 824 1258 presbiteros
836 1188 869 1242 et
882 1183 1105 1242 communirent
1117 1183 1258 1243 similiter

146 1277 249 1337 eodem
277 1278 327 1337 die
354 1284 427 1337 snte
454 1295 565 1337 omnes.
624 1276 666 1335 Et
693 1277 806 1354 sooipit
832 1277 1041 1356 unnsquisque
1068 1299 1087 1336 a
1113 1280 1257 1356 pontifioe

146 1372 267 1430 firmstn
280 1371 386 1431 oblsts
399 1373 438 1431 de
450 1371 558 1443 nitere,
573 1369 655 1430 unde
668 1376 700 1429 et
713 1371 914 1430 eommuniost
928 1369 995 1430 XL.
1011 1371 1125 1432 diebus.

207 1465 303 1526 Missa
329 1466 461 1544 expleta,
488 1466 553 1524 sint
579 1466 681 1543 persti
707 1465 904 1524 mansionarii
931 1465 969 1524 de
995 1467 1097 1525 titulis
1124 1467 1256 1545 ipsorum

146 1577 215 1617 omn
241 1565 411 1620 oersoststs
438 1565 471 1618 et
491 1557 763 1633 -thimnmatsriim
796 1564 830 1618 et
862 1557 1033 1635 prooednnt
1060 1558 1099 1618 de
1131 1561 1258 1621 seelesis

145 1652 231 1711 besti
250 1651 338 1713 Petri
358 1650 525 1732 spostoliffl'
547 1651 756 1730 unusquisqne
776 1652 811 1710 in
835 1650 929 1710 titulo
950 1670 1013 1722 sno,
1033 1650 1151 1711 hsbsnr
1166 1673 1257 1713 unus·

145 1747 273 1824 quisque
293 1745 506 1825 paronymssm
527 1744 730 1824 presbiterum
750 1763 874 1819 seeum
900 1751 932 1804 st
952 1749 1100 1804 stratores
1121 1745 1205 1806 missi
1237 1769 1257 1807 s

145 1840 287 1917 pontifioe
307 1840 368 1900 dno
389 1846 463 1900 snte
483 1858 554 1899 enm
577 1845 686 1900 euntes
708 1845 743 1898 et
764 1845 905 1898 tenentes
932 1838 1049 1898 rabano
1074 1858 1144 1898 oum
1168 1840 1256 1901 freno

145 1933 217 1992 hino
230 1935 356 2008 obinde,
371 1941 404 1994 et
416 1935 550 1994 olsmsnt
564 1954 637 1994 roos
649 1953 779 2012 msgne:
803 1923 872 1993 Tati
882 1933 1042 2012 presbitero
1061 1933 1131 1993 talis
1142 1944 1257 1996 sanetur

146 2027 256 2105 clepit!
297 2029 340 2087 Et
350 2026 539 2107 respondunt
553 2028 750 2087 mansionarii
768 2029 866 2106 ipsum
885 2046 980 2106 usqne
997 2028 1031 2086 in
1044 2027 1137 2088 titulo
1149 2029 1253 2107 ipsius

146 2120 189 2178 Et
209 2122 296 2181 vadit
316 2128 387 2200 post
406 2141 475 2182 eum
503 2122 680 2182 sscsllsrins
699 2121 804 2200 ipsius,
825 2121 966 2181 fsoiendo
985 2121 1199 2195 selimosinsm,
1222 2129 1256 2183 et

145 2236 213 2276 cum
240 2219 415 2295 pervenerit
441 2217 481 2277 od
509 2216 674 2289 eeclesiam,
701 2217 827 2294 ponitur
854 2215 941 2276 sedes
974 2216 1056 2274 lotus
1089 2216 1197 2289 altare,
1224 2224 1257 2276 et

144 2310 239 2370 habet
265 2312 310 2370 ibi
337 2312 494 2371 licentiam
522 2310 627 2370 sedere
653 2310 757 2370 eodem
784 2310 835 2369 dis
861 2316 894 2369 et
927 2310 961 2368 in
988 2309 1094 2387 vigilis
1127 2309 1257 2387 psschne

144 2408 266 2463 tantum
288 2410 321 2463 et
343 2404 443 2464 disere
468 2403 572 2464 Gloria
596 2403 628 2462 is
647 2402 766 2463 esoslsbr
786 2403 859 2463 Doo.
903 2402 1050 2461 Similiter
1069 2404 1257 2480 pnrsnimfus

144 2499 294 2576 presbiter
315 2505 380 2558 stet
404 2520 424 2558 n
444 2499 543 2559 lsters
564 2499 660 2576 ipsius
683 2503 716 2556 et
738 2498 815 2575 legit
842 2496 1033 2575 evangelium
1059 2497 1094 2555 in
1116 2498 1253 2558 smbone.

145 2592 264 2657 Deinde
286 2593 436 2671 presbiter
457 2591 651 2670 suprsdiotus
661 2589 697 2630 ω’)
724 2591 799 2651 isoit
822 2592 922 2650 misso
972 2590 1016 2649 Et
1039 2590 1189 2667 oomplets
1208 2610 1255 2665 es,

144 2686 319 2764 segreditur
340 2688 379 2748 ds
398 2688 525 2748 eeclesia
543 2693 576 2746 st
596 2686 701 2764 epulst
720 2705 789 2746 oum
809 2686 914 2745 amicis
934 2686 1005 2745 suis.
1047 2684 1089 2745 In
1107 2686 1169 2745 slis
1183 2706 1255 2748 vsro

144 2780 213 2838 diss
240 2780 340 2840 defert
372 2781 509 2859 pontifioi
542 2780 694 2858 presbiter
727 2777 768 2842 X.
797 2797 894 2848 seres,
920 2778 1061 2838 similiter
1094 2786 1127 2838 et
1159 2780 1255 2840 arohi-

144 2873 321 2952 presbitero.

205 2967 352 3027 Similiter
378 2974 411 3027 et
438 2968 556 3028 dissoni
583 2967 700 3027 habent
726 2971 875 3025 stratores
902 2965 1067 3026 dominioos
1095 2966 1177 3039 duos,
1199 2969 1253 3045 qui

143 3062 331 3122 snteoedunt
344 3081 394 3122 eos
407 3062 566 3121 clamando
579 3068 612 3121 et
625 3059 772 3121 dicendo:
797 3056 866 3119 Tali
878 3059 1002 3122 dissono
1019 3067 1134 3120 sardos
1146 3058 1255 3120 Petrus

143 3152 252 3231 clepit!
292 3154 336 3213 Et
353 3155 508 3234 respondit
528 3161 658 3215 cunctus
674 3154 782 3228 clerus,
796 3153 850 3232 qui
869 3172 938 3212 eum
952 3154 1099 3232 sequitur,
1113 3153 1253 3215 similiter

143 3249 284 3328 usquein
298 3249 418 3310 domum
432 3268 526 3311 susm.
570 3248 613 3308 Et
626 3249 691 3327 ipse
704 3246 829 3327 sepulst
842 3265 910 3307 oum
924 3247 1029 3308 omisis
1042 3246 1114 3308 suis.

561 3518 598 3590 (i)
614 3518 762 3590 presbiteri

537 3601 597 3761 (iiiii
610 3601 690 3759 :idib
701 3683 790 3742 dietus
801 3690 851 3741 est
