2814 4816
607 488 779 538 mansum.
1185 463 1246 528 501

143 643 265 702 tertiam
293 652 326 704 et
353 645 392 705 ad
416 652 504 704 sexta
515 667 524 721 3
548 644 588 704 ad
615 665 726 706 nonam
754 652 864 717 autem,
889 644 960 724 quia
987 639 1173 703 consuetudo
1200 641 1248 696 est

142 753 268 813 semper,
289 736 321 797 id
343 745 391 799 est
412 745 479 798 toto
500 757 589 812 anno,
612 747 722 818 quarta
743 739 822 800 feria
842 745 875 798 et
897 743 985 798 sexta
1006 736 1084 796 feria
1106 733 1145 793 ad
1167 748 1248 790 nona

141 827 174 884 in
197 828 280 905 Syon
299 831 429 908 procedi,
444 833 585 910 quoniam
603 834 636 892 in
656 834 725 892 istis
746 834 827 906 loeis,
851 838 979 909 excepto
996 831 1023 890 si
1039 828 1245 888 martiriorum

142 919 207 978 dies
230 925 377 997 evenerit,
397 943 513 1001 semper
537 932 647 1002 quarta
671 934 704 986 et
727 932 815 985 sexta
837 925 915 986 feria
937 926 1030 984 etiam
1052 929 1085 982 et
1108 943 1127 980 a
1149 919 1250 979 cathe-

142 1016 271 1074 cuminis
294 1016 478 1095 jejunatur,¹
506 1030 539 1076 et
565 1019 634 1080 ideo
663 1021 702 1079 ad
737 1039 847 1079 nonam
883 1020 917 1077 in
947 1017 1030 1096 Syon
1064 1014 1247 1095 proceditur.

142 1106 224 1167 Nam
251 1112 277 1169 si
304 1112 434 1172 fortuito
460 1113 493 1170 in
519 1113 765 1192 Quadragesimis
789 1122 992 1192 mar-tyrorum
1019 1113 1084 1171 dies
1111 1109 1249 1170 evenerit

140 1213 251 1279 quarta
278 1207 355 1265 feria
382 1216 438 1268 aut
461 1223 550 1272 sexta
576 1212 661 1282 feria,
691 1213 807 1287 atque²
834 1209 874 1267 ad
904 1227 984 1267 nona
1012 1208 1046 1264 in
1075 1206 1158 1282 Syon
1185 1222 1250 1280 pro

142 1297 270 1360 ceditur.
322 1302 439 1363 Diebus
474 1326 545 1366 vero
580 1304 893 1380 Quadragesimarum,
930 1308 967 1360 ut
1001 1300 1139 1377 superius
1175 1296 1252 1367 dixi,

142 1396 252 1467 quarta
274 1392 351 1452 feria
373 1395 412 1455 ad
436 1419 517 1458 nona
538 1400 571 1457 in
593 1399 676 1476 Syon
696 1395 870 1474 proceditur
888 1393 980 1472 juxta
1001 1389 1249 1451 consuetudinem

142 1485 341 1560 tetrasemi,
363 1494 517 1551 etomnia
540 1498 676 1570 aguntur
700 1510 777 1568 quae
799 1488 985 1549 consuetudo
1007 1493 1053 1546 est
1075 1486 1114 1544 ad
1141 1502 1251 1543 nonam

142 1580 192 1655 agi
219 1589 341 1657 praeter
368 1586 502 1647 oblatio:
535 1607 606 1646 nam
634 1593 669 1645 ut
696 1604 815 1661 semper
849 1583 979 1662 populus
1013 1583 1112 1641 discat
1144 1581 1252 1656 legem,

142 1681 175 1732 et
202 1677 357 1755 episeopus
390 1687 423 1739 et
456 1684 608 1759 presbiter
641 1680 821 1758 praedicant
855 1677 985 1737 assidue.
1044 1674 1122 1733 Oum
1149 1677 1253 1730 autem

143 1767 226 1826 facta
246 1769 341 1831 fuerit
362 1776 462 1849 missa,
482 1776 554 1836 inde
573 1796 641 1835 cum
657 1775 758 1852 ymnis
780 1773 910 1851 populus
931 1771 1061 1831 deducet
1082 1769 1253 1847 episcopum

144 1880 238 1940 usque
265 1864 305 1924 ad
332 1867 527 1942 Anastasem,
553 1870 617 1949 jam
645 1875 678 1929 et
705 1868 802 1927 hora³
830 1867 1000 1928 lucernari:
1035 1865 1078 1923 sic
1106 1864 1253 1922 dicuntur

143 1957 228 2032 ymni
262 1964 295 2017 et
322 1961 516 2040 antiphonae,
545 1965 626 2022 flunt
652 1962 815 2032 orationes,
843 1967 876 2019 et
904 1961 941 2017 fit
969 1959 1060 2016 missa
1086 1952 1255 2014 lucernaris

145 2049 178 2106 in
202 2051 357 2113 Anastase
377 2056 467 2115 etad
489 2055 625 2118 Crucem.
668 2055 765 2114 Missa
786 2060 889 2113 autem
911 2051 1079 2112 lucernaris
1101 2050 1135 2107 in
1157 2046 1254 2106 isdem

145 2144 261 2219 diebus,
284 2148 317 2207 id
343 2158 391 2210 est
419 2152 733 2232 Quadragesimarum,
758 2151 855 2210 serius
877 2150 913 2209 fit
936 2167 1054 2225 semper
1081 2165 1172 2226 quam
1199 2163 1254 2222 per

146 2245 213 2298 toto
232 2260 321 2301 anno.
364 2242 482 2314 Quinta
502 2246 580 2305 feria
601 2252 704 2305 autem
727 2244 869 2304 similiter
893 2242 995 2303 omnia
1016 2246 1152 2319 aguntur
1174 2237 1255 2296 siout

146 2333 280 2394 secunde
312 2336 390 2396 feria
420 2345 453 2398 et
481 2340 579 2399 tertia
607 2339 694 2401 feria.
745 2337 841 2398 Sexta
871 2337 949 2395 feria
979 2342 1084 2395 autem
1114 2332 1256 2392 similiter

145 2429 247 2487 omnia
273 2439 408 2508 aguntur
435 2433 516 2494 sicut
542 2443 652 2513 quarta
678 2434 766 2506 ieris,
791 2439 824 2491 et
851 2431 993 2491 similiter
1020 2428 1059 2488 ad
1083 2446 1195 2488 nonam
1223 2427 1256 2485 in

147 2522 231 2599 Syon
258 2524 323 2583 itur
349 2532 383 2585 et
408 2528 549 2590 similiter
576 2529 648 2589 inde
676 2548 744 2588 cum
772 2528 873 2606 ymnis
901 2544 996 2604 usque
1030 2523 1070 2585 ad
1101 2523 1257 2582 Anastase

147 2615 317 2678 adducetur
330 2621 496 2700 episeopus.

602 3001 627 3054 4.
654 2994 809 3072 Sciurday.

209 3166 268 3225 Sed
282 3171 370 3225 sexta
380 3165 456 3225 feria
466 3167 586 3244 vigiliae
600 3168 633 3226 in
644 3168 798 3226 Anastase
808 3166 1001 3225 celebrantur
1015 3165 1054 3223 ad
1065 3184 1101 3223 ea
1114 3164 1260 3244 horaque

149 3260 186 3318 do
201 3260 274 3318 Sion
288 3266 414 3320 ventum
431 3261 527 3320 fuerit
540 3280 608 3320 cum
621 3262 731 3338 ymnis,
747 3280 841 3338 usque
859 3260 891 3317 in
905 3278 1000 3330 mane,
1017 3257 1049 3317 id
1066 3264 1113 3317 est
1127 3258 1166 3317 de
1182 3258 1259 3318 hora

147 3351 307 3424 lucernari,
322 3352 573 3430 quemadmodum
587 3353 736 3412 intratum
751 3353 854 3423 fuerit,
866 3352 899 3409 iu
914 3351 975 3409 alia
988 3350 1038 3409 die
1052 3369 1148 3422 mane,
1164 3349 1195 3409 id
1209 3355 1259 3410 eet

148 3446 291 3507 Sabbata.
333 3446 386 3505 Fit
410 3453 511 3506 autem
533 3447 647 3506 oblatio
675 3449 708 3506 in
731 3448 887 3507 Anastase
904 3445 1062 3517 maturius,
1083 3445 1129 3504 ita
1148 3451 1186 3503 ut
1204 3445 1259 3502 fiat

147 3540 240 3599 missa
260 3547 333 3599 ante
353 3540 454 3600 solem.
508 3541 586 3600 Tota
606 3547 709 3601 autem
729 3547 819 3601 nocte
839 3538 957 3599 vicibus
977 3539 1122 3598 dicuntur
1150 3538 1259 3615 psalmi

148 3635 337 3712 responsorii,
359 3634 475 3694 vicibus
496 3635 690 3713 antiphonae,
709 3635 827 3695 vicibus
847 3636 992 3695 lectiones
1013 3633 1158 3706 diversae,
1180 3652 1258 3712 quae

200 3868 205 3896 ¹
224 3867 353 3933 Jejuaors'.
365 3865 525 3923 Gamurriui,
537 3867 630 3918 scotrnd
642 3868 749 3918 edition.

197 3944 207 3974 ⁸
224 3945 280 4008 sig.
291 3943 443 3995 Gamurrini
458 3944 533 4007 gives
548 3961 623 4010 ireque
637 3946 665 3995 in
676 3945 718 3995 his
729 3946 785 3996 first
797 3945 903 4008 edition,
914 3946 967 3997 aud
977 3951 1052 4012 atqua
1063 3947 1090 3996 in
1102 3947 1145 3999 hia
1155 3946 1259 3999 second.

149 4023 261 4074 Neither
271 4022 300 4072 oi
310 4021 383 4072 these
394 4022 526 4073 fumishee
536 4039 552 4072 a
562 4023 727 4087 satisfactory
739 4022 855 4087 reading.

196 4101 290 4151 ’Tota
307 4098 437 4150 luoemari
454 4098 488 4150 fle
504 4100 550 4161 aio,
566 4100 620 4153 eod.
664 4100 678 4149 I
695 4104 792 4152 correct
811 4105 863 4153 aa
882 4102 938 4153 into
952 4103 1023 4163 toro,
1036 4101 1088 4153 and
1105 4101 1119 4152 1
1136 4102 1200 4155 omit
1213 4103 1259 4168 fic,

148 4177 234 4230 which
244 4191 354 4242 appears
364 4180 392 4229 to
402 4177 434 4228 be
444 4193 461 4228 a
471 4175 597 4243 doubling
608 4178 637 4228 os
644 4178 689 4230 ate.
