2814 4816
203 327 267 395 226
311 348 489 403 cunmnru
513 354 683 406 wonsnm:
705 356 757 406 ire
779 356 894 408 omem
918 358 988 409 sun
1011 357 1207 409 nvonunor.

271 506 305 571 It
326 507 355 572 is
373 509 476 575 found
497 510 534 576 in
556 512 612 578 the
635 513 762 600 Bengor
781 514 1033 602 Antiphonnry.l
1077 517 1145 582 The
1165 530 1314 580 measure

205 608 235 675 is
249 610 285 675 in
301 611 426 681 lambio
440 616 633 683 trimeter-

455 754 549 812 Ssneti
560 757 659 825 venite,
671 757 769 816 Christi
781 775 876 832 eorpus
888 760 993 830 sumito,

454 846 576 895 sanetum
588 839 712 897 bibentes
723 860 777 915 quo
788 842 919 917 redempti
931 843 1094 917 sanguinem

457 984 560 1041 Selvsti
571 986 670 1044 (lhrIsti
681 1005 791 1063 corpore
803 996 833 1047 et
842 993 978 1064 sunguine,

456 1085 474 1122 s
484 1085 539 1141 quo
551 1069 643 1124 refecti
654 1068 748 1127 hodes
758 1071 879 1130 dicemus
890 1075 956 1133 Dee.

459 1215 519 1271 Hoe
531 1223 698 1273 ssommento
711 1220 828 1291 corporis
840 1226 869 1276 et
880 1221 1017 1293 sanguinis

456 1313 549 1353 omues
561 1299 635 1354 exuti
647 1299 682 1354 eb
694 1300 790 1356 inferni
802 1302 931 1359 seumbus

457 1447 544 1504 Detor
555 1446 647 1503 salutis
658 1447 788 1520 Christus,
801 1450 885 1507 Filius
897 1451 955 1523 Dei,

456 1528 585 1585 mundum
597 1529 712 1587 solverit
723 1550 771 1604 per
782 1550 889 1591 erueem
901 1540 931 1591 et
941 1534 1109 1608 sengrrinem.

458 1673 509 1730 Pro
521 1673 652 1731 universis
663 1675 815 1733 immolatus
826 1678 957 1735 Dominus

457 1758 514 1830 ipse
526 1758 649 1816 seeerdos
660 1760 754 1816 existit
765 1767 794 1815 et
805 1761 902 1819 hostie.

459 1904 533 1976 Lege
545 1908 719 1978 praeceptum
731 1905 863 1962 immolari
875 1904 975 1962 hostias

457 2005 513 2060 qus
524 1987 717 2043 adumbrantur
728 1987 819 2043 divine
830 1989 966 2060 mysterio.

459 2123 540 2179 Lucis
551 2122 668 2181 indultor
678 2131 708 2180 et
718 2124 836 2182 mlvstm
847 2125 966 2182 omnium

457 2208 622 2281 pressiorem
633 2209 733 2265 senous
744 2209 854 2281 largitum
865 2217 907 2267 eet
917 2209 1038 2283 gretiam

460 2345 600 2403 Accedent
611 2364 704 2404 omnes
715 2365 782 2421 pure
793 2355 883 2405 mento
895 2348 1004 2418 creduli,

458 2435 566 2486 mmsnt
577 2436 714 2486 oeternum
726 2431 820 2488 selutis
831 2430 990 2488 custodium.

462 2571 622 2627 Senetorum
634 2576 724 2628 eustos
735 2579 823 2628 rector
833 2590 940 2646 qnoque
953 2571 1085 2628 Dominus

460 2655 533 2711 vitre
543 2655 668 2729 perennis
679 2654 789 2728 largitor
800 2656 979 2714 credentibus.

460 2792 610 2849 Caelestem
625 2809 723 2865 prum
735 2792 782 2848 dut
793 2791 969 2849 esurientibus

461 2874 495 2930 de
508 2874 654 2930 fontevivo
666 2874 776 2948 praebet
787 2873 945 2930 sitientibus.

463 3008 526 3065 Alis
537 3016 566 3065 et
577 3009 696 3080 0mege²
708 3009 764 3082 ipse
776 3008 897 3066 Ch1istus
909 3008 1040 3065 Dominus

463 3093 545 3163 uenit,
559 3098 687 3149 venturus
694 3093 815 3166 judiesre
828 3093 957 3150 homines.

568 3334 617 3400 17.
642 3332 705 3400 Pte
726 3331 974 3418 Thanksgim'ug.

283 3463 351 3531 The
384 3461 595 3530 communion
625 3463 722 3549 being
751 3464 866 3541 ended,
896 3463 952 3528 the
983 3460 1099 3544 bishop
1128 3458 1209 3524 calls
1238 3477 1326 3543 upon

218 3575 274 3642 the
304 3570 530 3658 congregation
560 3578 594 3634 to
624 3570 727 3635 thenk
759 3569 840 3648 God,
870 3569 912 3634 he
942 3567 1078 3634 himself
1104 3565 1242 3649 reoiting
1270 3563 1327 3628 the

268 3775 276 3804 ¹
294 3773 394 3836 Migne‚
405 3772 464 3822 Pet.
475 3771 542 3831 Lot,
552 3768 603 3821 vol.
614 3769 689 3818 lxxii.
701 3785 725 3833 p.
737 3770 785 3822 587
793 3786 799 3827 ;
816 3769 933 3829 Wsrren,
948 3785 988 3835 op.
1004 3769 1055 3828 eit,
1068 3782 1092 3832 p.
1105 3768 1160 3818 187.
1192 3763 1251 3816 'l'he
1266 3762 1328 3814 title

217 3853 254 3904 is:
287 3850 394 3902 Ymnom
414 3850 515 3916 qnando
536 3848 742 3899 commiserant
763 3848 906 3898 eitoerdotss.
949 3847 1011 3909 (sne
1033 3844 1142 3896 Version
1169 3843 1198 3893 in
1223 3840 1326 3906 Hymns

215 3929 329 3981 Ancient
340 3928 392 3978 end
403 3927 520 3987 Modern,
530 3926 602 3989 813.)

265 4009 275 4039 ¹
292 4027 311 4057 e
322 4007 350 4056 in
361 4006 407 4056 the
417 4005 522 4070 printed
533 4003 639 4054 edition.
673 4000 731 4052 'she
742 4005 823 4053 mette
835 4002 951 4067 requires
961 4000 1109 4064 something
1120 4012 1190 4049 mere
1204 3997 1270 4049 then
1281 3994 1328 4047 the

215 4085 298 4139 round
310 4103 332 4136 e.
364 4085 379 4135 I
390 4085 468 4147 toucy
480 4082 554 4133 thero
565 4082 589 4132 is
599 4080 748 4145 something
758 4079 868 4131 omitted
879 4080 994 4131 between
1006 4080 1069 4145 Alsa
1080 4077 1132 4129 sud
1143 4082 1174 4130 et.
