2806 4822
153 415 216 479 536
261 430 438 479 casianus
463 429 632 478 woasmr:
658 429 709 478 us
731 429 847 479 amora
871 429 940 479 aun
962 429 1165 479 avoauuoa.

215 591 281 652 169.
302 589 336 652 Si
357 592 393 649 fit
414 589 570 669 ἀνάμνησις
591 590 685 669 (fiunt
706 591 889 671 ἀναμνήσεις)
910 610 966 670 pro
990 592 1029 651 iis
1048 593 1106 670 qui
1124 590 1267 650 defuncti

149 692 232 758 sunt,
260 685 392 764 primum
420 689 585 760 antequam
614 683 794 744 consideant
829 686 980 764 mysteria
1007 693 1142 758 sumant,
1170 704 1272 763 neque

149 787 254 840 tamen
274 780 323 840 die
339 777 557 858 prima-170.
581 777 656 838 Post
676 780 861 839 oblationem
882 779 1088 840 distribuatur
1109 782 1154 840 eis
1175 781 1265 859 panis

149 874 319 951 ἔξορκισμῦ
356 879 523 952 antequam
557 873 857 934 consideant-171.
887 873 1124 934 Catechumeuis
1158 882 1264 934 autem

148 975 277 1026 curante
297 969 435 1046 episcopo
455 969 602 1026 mittatur
622 968 709 1046 panis
730 969 869 1028 oratione
889 976 1039 1046 purgatus
1060 975 1099 1028 ut
1117 969 1264 1029 ecclesiae

149 1062 459 1122 associentur-172.
483 1060 555 1120 Non
583 1061 689 1120 sedeat
716 1081 785 1120 cum
813 1062 857 1120 eis
884 1062 996 1140 aliquis
1023 1062 1264 1122 catechumenus

146 1156 180 1214 in
199 1157 303 1233 agapis
317 1154 578 1231 rapuerit-173.
601 1154 707 1214 Edant
720 1155 891 1234 bibantque
904 1155 944 1214 ad
958 1158 1145 1229 satietatem,
1161 1176 1263 1235 neque

147 1269 220 1309 vero
243 1249 283 1308 ad
305 1250 493 1322 ebrietatem,
519 1248 629 1308 sedin
652 1249 759 1310 divina
780 1252 953 1328 praesentia
980 1270 1048 1310 cum
1076 1250 1169 1311 laude
1193 1252 1264 1314 Dei.

146 1345 257 1404 -174.
280 1343 330 1402 Ne
357 1345 427 1422 quis
455 1344 586 1404 multum
613 1344 760 1424 loquatur
782 1365 859 1405 neve
886 1346 1009 1419 clamat,
1031 1365 1072 1405 ne
1098 1347 1184 1406 forte
1206 1366 1261 1406 voe

146 1437 306 1509 irrideant,
323 1457 400 1497 neve
420 1439 485 1498 sint
506 1437 649 1498 scandalo
668 1439 849 1515 hominibus,
863 1441 909 1499 ita
929 1447 966 1500 ut
987 1439 1022 1499 in
1043 1442 1263 1501 contumeliam

146 1539 287 1591 vertatur
314 1532 368 1610 qui
396 1550 450 1590 vos
474 1533 630 1605 invitavit,
655 1552 723 1592 cum
747 1540 895 1611 appareat
922 1553 976 1592 vos
998 1554 1018 1592 a
1044 1534 1126 1594 bono
1150 1535 1262 1594 ordine

146 1625 409 1687 aberrare-175.
432 1625 492 1687 Sed
515 1626 619 1703 potius
641 1626 776 1687 invitent
797 1646 867 1687 eum
889 1635 1066 1688 constanter
1084 1634 1118 1688 et
1138 1648 1265 1689 omnem

144 1721 292 1780 iamiliam
320 1719 386 1798 ejus
410 1727 442 1778 et
464 1720 606 1779 videatur
625 1721 774 1780 modestia
794 1721 1032 1802 uniuscujusque
1056 1730 1201 1783 nostrum
1228 1732 1264 1783 et

144 1815 323 1874 obtineatur
350 1833 462 1891 magna
483 1813 619 1891 dignitas
646 1815 793 1893 exemplis
816 1815 877 1874 illis
905 1836 984 1894 quae
1010 1818 1044 1876 in
1072 1817 1164 1877 nobis
1193 1838 1263 1878 oon-

144 1908 437 1986 spiciunt-176.
460 1907 536 1966 Oret
558 1914 661 1967 autem
682 1909 813 1989 quisque
837 1918 873 1969 ut
897 1912 996 1972 sancti
1018 1914 1181 1972 introeant
1203 1915 1264 1973 sub

144 2009 261 2061 tectum
296 2000 371 2081 ejus.
425 2002 511 2062 Dicit
544 2002 626 2061 enim
661 2002 803 2064 Salvator
831 2013 954 2070 noster:
986 2005 1079 2066 “Vos
1107 2009 1187 2067 aetia
1214 2011 1262 2069 eal

145 2097 273 2160 terrae.”

209 2193 275 2253 177.
298 2191 428 2263 Quando
454 2197 558 2251 auteur
584 2192 741 2270 episcopua
767 2194 985 2253 sermocinatur
1012 2193 1130 2268 sedena,
1162 2201 1262 2257 ceteri

145 2291 263 2349 lucrum
292 2290 451 2349 habebunt
478 2309 575 2368 nequa
603 2290 666 2367 ipse
692 2290 759 2351 sine
786 2292 870 2352 lucro
890 2292 1072 2354 erit-178.
1092 2292 1127 2351 Si
1152 2303 1263 2355 antem

145 2386 272 2445 absente
293 2387 431 2463 episcopo
451 2385 610 2462 presbyter
630 2386 725 2459 adest,
743 2406 847 2446 omnes
867 2387 907 2446 ad
933 2407 1002 2447 eum
1025 2396 1261 2466 convertantur,

144 2482 216 2558 quia
243 2482 307 2557 ipse
329 2481 465 2558 superior
489 2487 537 2538 est
561 2480 669 2539 ceteris
696 2482 729 2540 in
754 2480 829 2553 Deo,
856 2481 1064 2559 honorentque
1082 2500 1153 2542 eum
1178 2485 1265 2546 sicut

144 2576 311 2635 honoratur
333 2576 497 2652 episcopus,
520 2593 596 2633 neve
619 2577 837 2636 contumaciter
864 2575 911 2634 illi
933 2576 1263 2644 adversentur—179.

144 2669 213 2746 Ipsa
236 2689 308 2727 vero
329 2669 496 2728 distribuat
517 2686 624 2746 panem
649 2668 817 2746 ἑξορκισμοῦ
838 2677 1000 2748 antequam
1021 2671 1203 2733 consideant
1226 2686 1266 2734 ut

145 2764 228 2822 Deua
247 2783 365 2840 agapen
386 2782 490 2821 eorum
513 2769 686 2840 praeservat
707 2783 726 2821 a
747 2765 856 2824 timore
874 2765 990 2824 inimici
1011 2772 1104 2844 atque
1122 2778 1261 2846 surgant

141 2856 218 2914 salvi
255 2857 288 2913 in
315 2856 509 2932 pace—180.
533 2855 687 2914 Diaconos
715 2857 748 2914 in
784 2874 879 2934 agape
916 2856 1043 2916 absente
1074 2860 1263 2938 presbytero

142 2952 237 3009 vicem
273 2956 360 3027 gerat
399 2950 569 3027 presbyteri
596 2957 746 3027 quantum
778 2951 912 3028 pertinet
946 2952 986 3011 ad
1019 2953 1189 3014 orationem
1226 2966 1262 3017 et

142 3046 321 3103 fractionem
342 3044 430 3120 panis
450 3063 538 3121 quem
560 3044 702 3102 invitatis
724 3043 1010 3106 distribuat-181.
1032 3045 1125 3106 Issico
1150 3057 1258 3111 autem

142 3160 204 3198 non
228 3139 369 3198 convenit
394 3144 430 3196 ut
448 3138 549 3215 signet
570 3157 688 3215 panem,
711 3137 764 3197 sed
782 3140 993 3199 tantummodo
1016 3140 1151 3219 frangat,
1177 3144 1260 3205 nihil

143 3241 301 3312 praeterea
325 3231 540 3294 iaciat—182.
563 3232 596 3290 si
624 3232 751 3291 clericus
771 3233 893 3292 omnino
920 3253 982 3292 non
1004 3233 1099 3307 adest,
1123 3238 1261 3315 quilibet

141 3347 227 3385 suam
242 3333 360 3403 partem
374 3325 512 3385 comedat
532 3345 601 3384 cum
622 3327 789 3404 gratiarum
811 3327 937 3399 actione,
953 3334 990 3388 ut
1005 3327 1132 3389 videant
1147 3340 1260 3409 gentes

142 3441 238 3480 mores
253 3427 370 3479 vestros
384 3440 453 3478 cum
467 3419 592 3479 invidia.

205 3516 270 3574 183.
293 3516 325 3573 Si
353 3515 421 3592 quis
446 3512 545 3573 viduis
570 3534 692 3574 coenam
713 3534 821 3593 parare
845 3516 920 3588 vult,
943 3522 1030 3575 curet
1049 3524 1087 3575 ut
1114 3517 1258 3581 habeant

141 3627 263 3667 coenam
286 3615 318 3667 et
342 3615 378 3668 ut
395 3608 593 3668 dimittantur
614 3617 777 3687 antequam
798 3610 842 3668 sol
862 3610 1102 3673 occidat-184.
1124 3613 1159 3673 si
1183 3635 1259 3676 vero

140 3709 213 3761 sunt
235 3703 358 3774 multae,
384 3710 528 3762 caveatur
552 3724 591 3762 ue
613 3705 669 3762 fiat
693 3703 828 3764 confusio
852 3724 928 3763 nave
950 3706 1158 3782 impediantur
1182 3730 1258 3788 quo

141 3797 221 3854 niam
237 3803 310 3854 anto
325 3817 482 3873 vesperum
497 3797 816 3857 dimittentem-185.
840 3798 1014 3877 Unicuique
1027 3806 1131 3860 autem
1146 3822 1257 3865 earum

140 3892 297 3949 tribuatur
316 3893 466 3952 sufficiens
488 3892 573 3953 cibus
591 3898 740 3972 potusque
751 3912 760 3967 3
786 3892 840 3952 sed
863 3893 974 3953 abeant
1001 3899 1168 3974 antequam
1192 3919 1257 3960 nox

140 3983 380 4060 advesperascat.

184 4078 250 4139 186.
274 4079 334 4151 Qui
358 4079 451 4139 habet
475 4080 626 4157 primitias
651 4079 804 4140 fructuum
834 4088 934 4139 terrae
961 4080 1000 4139 ad
1023 4083 1202 4163 episcopum
1224 4091 1257 4149 in
