2814 4816
613 393 786 442 sirannus.
1195 381 1259 442 505

147 548 177 606 id
193 556 239 607 est
261 550 294 608 in
308 550 433 610 ecclesia
446 550 586 625 maj01·e.”
628 550 709 610 Item
724 552 829 611 mittet
843 571 945 611 vocem
959 553 1097 624 altorem,
1114 558 1147 610 et
1160 550 1255 610 dicit:

147 638 280 699 “Hodie
303 661 406 700 omnes
427 641 503 700 hora
524 642 653 719 septime
677 644 711 702 in
733 643 849 702 Eleona
872 644 974 721 parati
997 643 1118 704 simus.’'
1159 642 1255 701 Fectu

146 751 218 810 ergo
239 734 331 793 missa
352 735 387 794 in
408 734 533 794 ecclesia
555 737 678 812 majore,
698 735 730 794 id
752 741 800 795 est
820 735 859 795 sd
882 736 1079 814 Martyrium,
1093 735 1255 794 deducitur

146 824 302 902 episcopus
323 846 392 886 cum
413 827 513 904 ymnis
537 826 577 885 ed
601 828 763 900 Anmtase
780 834 813 887 et
836 828 880 886 ibi
904 829 1062 905 eompletis
1083 847 1161 906 quae
1184 847 1256 886 oon-

145 918 274 977 suetudo
308 926 356 979 est
388 920 497 981 diebus
530 919 688 980 dominicis
722 922 788 981 fieri
819 923 853 980 in
881 923 1028 982 Anastasi
1060 928 1131 999 post
1161 922 1254 980 missa

147 1011 300 1090 Martyrii,
329 1016 422 1074 etiam
450 1017 656 1094 unusquisque
682 1016 770 1076 hiens
796 1016 836 1076 ad
863 1017 985 1077 domum
1013 1036 1098 1077 suam
1125 1016 1256 1076 festinet

147 1104 338 1181 manducare,
359 1115 396 1168 ut
413 1110 488 1170 hora
506 1111 672 1189 inquoante
692 1112 822 1188 septims
838 1131 941 1170 omues
959 1112 994 1170 in
1007 1111 1134 1171 ecclesia
1154 1108 1256 1187 parati

146 1197 210 1257 sint
223 1219 302 1277 quae
315 1207 363 1260 est
376 1203 409 1260 in
423 1202 548 1276 Eleous,
562 1204 595 1263 id
608 1211 656 1263 est
669 1205 704 1263 in
717 1212 821 1264 monte
831 1205 967 1280 Oliveti5
987 1206 1032 1264 ibi
1051 1211 1100 1264 est
1112 1203 1257 1282 spelunca

146 1291 207 1366 illa,
223 1294 258 1352 in
270 1314 331 1373 qua
345 1296 474 1357 docebat
493 1297 649 1360 Dominus

448 1726 491 1808 (b)
511 1725 680 1788 Proceeeioo
699 1726 732 1786 ἐπ
751 1726 797 1786 aa
817 1726 955 1805 Etenim.

208 1921 296 1983 Hora
309 1943 381 2001 ergo
394 1924 524 2001 septima
541 1924 640 1982 omnis
659 1924 788 2001 populus
808 1921 952 1983 ascendet
966 1924 999 1982 in
1013 1931 1117 1984 monte
1131 1925 1253 1999 Oliveti,

147 2019 179 2077 id
198 2026 245 2077 est
264 2018 298 2075 in
312 2017 428 2077 Eleous
437 2039 446 2092 ;
466 2019 500 2076 in
514 2019 638 2076 ecclesia
658 2018 745 2078 sedet
765 2020 920 2097 episcopus
929 2039 938 2092 3
958 2018 1103 2079 dicuntur
1122 2021 1208 2097 ymni
1222 2027 1255 2080 et

145 2112 332 2189 antiphonae
352 2117 423 2188 apte
437 2110 498 2170 diei
518 2111 577 2188 ipsi
591 2110 639 2169 vel
652 2111 725 2183 loco,
741 2112 886 2170 lectiones
907 2112 999 2170 etiam
1019 2112 1169 2173 similiter.
1213 2114 1257 2173 Et

146 2227 215 2267 cum
229 2208 344 2284 ceperit
357 2225 390 2264 se
401 2205 503 2265 iacere
516 2205 590 2263 hors
604 2224 693 2277 nona,
708 2206 830 2264 subitur
851 2225 918 2265 cum
939 2207 1025 2283 ymni
1038 2207 1072 2264 in
1086 2205 1253 2281 Imbomon,

145 2300 178 2359 id
192 2307 241 2360 est
253 2301 286 2357 in
296 2319 331 2358 eo
344 2299 410 2358 loco
419 2297 458 2357 de
471 2316 531 2376 quo
545 2297 683 2357 ascendit
697 2299 847 2358 Dominus
860 2300 894 2357 in
904 2299 1004 2371 caelia,
1016 2305 1048 2358 et
1062 2300 1105 2358 ibi
1118 2300 1255 2362 seditur:

146 2415 217 2455 nam
237 2395 335 2454 omnis
356 2393 493 2470 populus,
516 2411 633 2470 semper
654 2399 795 2470 presente
816 2393 962 2470 episcopo,
984 2394 1112 2469 jubetur
1132 2394 1237 2455 sedere
1247 2414 1256 2470 3

145 2494 270 2548 tantum
283 2487 363 2566 quod
377 2487 519 2546 (limones
532 2487 589 2545 soli
602 2492 690 2546 stant
708 2505 833 2564 semper.
877 2487 1034 2546 Dicuntur
1054 2496 1086 2547 et
1106 2488 1150 2548 ibi
1168 2490 1255 2566 ymni

146 2583 194 2643 vel
215 2582 401 2660 antiphonae
422 2587 512 2659 aptae
532 2580 598 2640 loco
617 2587 674 2640 aut
695 2581 764 2655 diei,
779 2580 920 2640 similiter
939 2588 973 2641 et
992 2581 1136 2641 lectiones
1158 2582 1254 2641 inter-

145 2677 264 2755 positae
284 2682 316 2735 et
336 2676 496 2735 orationes
540 2675 643 2733 Etism
667 2694 736 2734 cum
760 2674 874 2752 ceperit
897 2693 963 2734 esse
986 2675 1061 2734 hora
1084 2674 1253 2751 undecima,

145 2771 259 2849 legitur
272 2770 325 2829 ille
343 2770 427 2830 locus
439 2768 479 2828 de
492 2769 657 2846 evangelio,
674 2769 729 2828 ubi
746 2768 881 2828 infantes
895 2788 964 2828 oum
978 2770 1070 2828 ramis
1084 2768 1133 2829 vel
1146 2770 1255 2848 palmis

145 2872 344 2927 occurrerunt
371 2865 511 2936 Domino,
538 2863 692 2923 dicentes:
720 2863 896 2924 Benedictus
917 2864 968 2943 qui
994 2864 1069 2925 uenit
1091 2865 1123 2925 io
1142 2867 1253 2929 nomine

146 2961 273 3023 Domini.
315 2961 359 3019 Et
378 2961 485 3020 statim
505 2959 589 3018 levat
607 2979 639 3019 se
657 2959 812 3037 episcopus
826 2965 860 3018 et
875 2960 973 3018 omnis
992 2960 1123 3037 populus
1143 2980 1233 3038 porro
1244 2982 1254 3035 ;

144 3058 217 3118 inde
230 3057 269 3118 de
282 3076 399 3117 summo
419 3061 523 3115 monte
544 3053 657 3115 Oliveti
679 3060 780 3115 totum
801 3053 930 3132 pedibus
948 3055 1020 3114 itur.
1064 3055 1146 3115 Nam
1166 3062 1252 3118 totus

144 3155 273 3233 populus
299 3159 373 3213 ante
400 3152 498 3230 ipsum
526 3169 594 3210 cum
620 3150 721 3228 ymnis
748 3149 797 3210 vel
824 3150 1008 3228 antiphonis,
1037 3150 1254 3229 respondentes

145 3267 279 3327 semper:
309 3246 483 3306 Benedictus
506 3244 556 3323 qm·
582 3243 657 3303 veuit
678 3244 709 3303 e'u
730 3244 841 3304 omnine
869 3244 995 3305 Domini.
1039 3245 1082 3304 Et
1105 3253 1255 3326 quotquot

145 3348 219 3402 sunt
232 3341 368 3401 inientes
380 3341 414 3398 in
427 3337 544 3398 hisdem
559 3337 639 3410 locis,
655 3357 750 3417 usqne
766 3340 860 3398 etiam
880 3340 933 3417 qui
952 3338 1079 3416 pedibus
1098 3341 1254 3402 ambulare

144 3455 208 3495 non
220 3441 357 3514 possum,
372 3433 443 3512 quia
459 3432 558 3491 teneri
576 3437 658 3504 sunt,
673 3432 707 3490 in
720 3432 796 3492 collo
815 3432 883 3490 illos
903 3438 1046 3509 parentes
1066 3433 1114 3492 sui
1134 3440 1252 3508 tenent,

145 3549 249 3590 omues
276 3547 375 3588 ramos
401 3532 550 3598 tenentes,
581 3526 634 3583 alii
660 3526 840 3603 pulmarum,
868 3525 922 3583 alii
949 3526 1098 3585 olivarnm
1108 3548 1117 3602 3
1151 3534 1184 3587 et
1209 3530 1253 3588 aio

145 3622 307 3683 deducitur
327 3621 530 3700 episcopusin
544 3639 579 3679 eo
592 3626 667 3698 typo
681 3639 740 3698 quo
759 3627 833 3679 tunc
855 3619 1005 3679 Dominus
1024 3621 1175 3682 deductus
1194 3631 1252 3682 est.

145 3718 189 3777 Et
202 3717 241 3777 de
253 3735 370 3778 summo
382 3722 486 3775 monte
500 3733 595 3793 usque
609 3713 648 3772 sd
662 3715 829 3787 civitatem,
844 3721 877 3773 et
890 3714 961 3773 inde
975 3714 1014 3773 sd
1028 3717 1184 3776 Anastass
1195 3736 1251 3795 per

144 3819 243 3871 totam
263 3812 430 3883 civitatem,
450 3816 552 3869 totum
572 3808 700 3885 pedibus
719 3827 831 3882 omnes,
845 3807 898 3868 sed
912 3816 945 3867 et
959 3809 985 3867 si
998 3829 1076 3887 quae
1094 3816 1252 3872 matronae

144 3911 218 3966 sunt
232 3911 288 3964 aut
300 3905 327 3964 si
341 3905 394 3983 qni
406 3903 531 3975 domini,
546 3903 590 3961 sic
610 3900 767 3960 deducunt
787 3903 957 3979 episcopum
978 3904 1205 3980 respondentes,
1220 3914 1254 3966 et

143 4002 188 4060 sic
206 4001 290 4061 lente
303 4006 337 4059 et
355 3999 446 4070 lente,
463 4017 501 4056 ne
520 3997 650 4056 lassetur
671 3997 799 4072 populus
809 4017 818 4070 ;
836 4015 926 4074 porro
945 3997 1010 4073 jem
1030 4017 1098 4057 sera
1117 4002 1253 4077 perveni-

143 4102 196 4155 tur
216 4093 256 4153 ad
270 4095 433 4153 Anastuse.
476 4090 543 4150 Ubi
564 4109 632 4150 cum
652 4095 779 4148 ventum
800 4089 904 4162 fuerit,
927 4091 1093 4169 quamlibet
1113 4113 1181 4155 sero
1200 4096 1250 4171 sit,
