<?xml version="1.0" encoding="UTF-8"?>
<!DOCTYPE html PUBLIC "-//W3C//DTD XHTML 1.0 Transitional//EN"
    "http://www.w3.org/TR/xhtml1/DTD/xhtml1-transitional.dtd">
<html xmlns="http://www.w3.org/1999/xhtml" xml:lang="en" lang="en">
 <head>
  <title>
</title>
<meta http-equiv="Content-Type" content="text/html;charset=utf-8" />
  <meta name='ocr-system' content='tesseract 3.04.00' />
  <meta name='ocr-capabilities' content='ocr_page ocr_carea ocr_par ocr_line ocrx_word'/>
</head>
<body>
  <div class='ocr_page' id='page_1' title='image "./christianworshi01mcclgoog_0555.png"; bbox 0 0 2806 4822; ppageno 0'>
   <div class='ocr_carea' id='block_1_1' title="bbox 142 477 1150 549">
    <p class='ocr_par' dir='ltr' id='par_1_1' title="bbox 142 477 1150 549">
     <span class='ocr_line' id='line_1_1' title="bbox 142 477 1150 549; baseline -0.001 -7"><span class='ocrx_word' id='word_1_1' title='bbox 142 477 206 542; x_wconf 83' lang='lat'><strong>534</strong></span> <span class='ocrx_word' id='word_1_2' title='bbox 249 495 429 547; x_wconf 76' lang='grc'><strong>1111111111</strong></span> <span class='ocrx_word' id='word_1_3' title='bbox 450 498 620 549; x_wconf 82' lang='lat' dir='ltr'><strong>worssrr:</strong></span> <span class='ocrx_word' id='word_1_4' title='bbox 644 500 696 549; x_wconf 88' lang='lat' dir='ltr'><strong>rrs</strong></span> <span class='ocrx_word' id='word_1_5' title='bbox 718 499 835 549; x_wconf 80' lang='lat' dir='ltr'><strong>omem</strong></span> <span class='ocrx_word' id='word_1_6' title='bbox 857 499 927 548; x_wconf 77' lang='lat' dir='ltr'><strong>sna</strong></span> <span class='ocrx_word' id='word_1_7' title='bbox 949 493 1150 546; x_wconf 76' lang='lat' dir='ltr'><strong>avonculus.</strong></span> 
     </span>
    </p>
   </div>
   <div class='ocr_carea' id='block_1_2' title="bbox 140 649 1254 1117">
    <p class='ocr_par' dir='ltr' id='par_1_2' title="bbox 140 649 1254 1117">
     <span class='ocr_line' id='line_1_2' title="bbox 148 649 1254 737; baseline -0.005 -25"><span class='ocrx_word' id='word_1_8' title='bbox 148 651 215 715; x_wconf 74' lang='lat'><strong>135.</strong></span> <span class='ocrx_word' id='word_1_9' title='bbox 241 654 361 716; x_wconf 79' lang='lat' dir='ltr'><strong>Deinde</strong></span> <span class='ocrx_word' id='word_1_10' title='bbox 374 676 476 735; x_wconf 91' lang='lat' dir='ltr'><strong>panno</strong></span> <span class='ocrx_word' id='word_1_11' title='bbox 489 676 559 718; x_wconf 90' lang='lat' dir='ltr'><strong>eum</strong></span> <span class='ocrx_word' id='word_1_12' title='bbox 577 658 729 737; x_wconf 72' lang='lat' dir='ltr'>abstergit</span> <span class='ocrx_word' id='word_1_13' title='bbox 750 704 758 719; x_wconf 83' lang='lat'><strong>.</strong></span> <span class='ocrx_word' id='word_1_14' title='bbox 781 705 788 721; x_wconf 93' lang='lat'><strong>.</strong></span> <span class='ocrx_word' id='word_1_15' title='bbox 811 704 818 720; x_wconf 91' lang='lat'>.</span> <span class='ocrx_word' id='word_1_16' title='bbox 840 665 873 719; x_wconf 89' lang='lat' dir='ltr'><strong>et</strong></span> <span class='ocrx_word' id='word_1_17' title='bbox 894 658 1032 718; x_wconf 80' lang='lat' dir='ltr'><strong>restibus</strong></span> <span class='ocrx_word' id='word_1_18' title='bbox 1052 654 1201 715; x_wconf 88' lang='lat' dir='ltr'><strong>indutum</strong></span> <span class='ocrx_word' id='word_1_19' title='bbox 1221 649 1254 707; x_wconf 91' lang='lat' dir='ltr'><strong>in</strong></span> 
     </span>
     <span class='ocr_line' id='line_1_3' title="bbox 141 743 1254 831; baseline -0.003 -25"><span class='ocrx_word' id='word_1_20' title='bbox 141 748 298 809; x_wconf 87' lang='lat' dir='ltr'><strong>ecclesiam</strong></span> <span class='ocrx_word' id='word_1_21' title='bbox 308 750 599 812; x_wconf 84' lang='lat' dir='ltr'><strong>introducit—136.</strong></span> <span class='ocrx_word' id='word_1_22' title='bbox 616 751 667 811; x_wconf 92' lang='lat' dir='ltr'><strong>Ibi</strong></span> <span class='ocrx_word' id='word_1_23' title='bbox 680 753 837 831; x_wconf 90' lang='lat' dir='ltr'><strong>episcopus</strong></span> <span class='ocrx_word' id='word_1_24' title='bbox 850 772 976 812; x_wconf 88' lang='lat' dir='ltr'><strong>manum</strong></span> <span class='ocrx_word' id='word_1_25' title='bbox 988 752 1152 829; x_wconf 84' lang='lat' dir='ltr'><strong>imponens</strong></span> <span class='ocrx_word' id='word_1_26' title='bbox 1160 743 1254 804; x_wconf 86' lang='lat' dir='ltr'><strong>omni·</strong></span> 
     </span>
     <span class='ocr_line' id='line_1_4' title="bbox 140 826 1253 922; baseline -0.003 -22"><span class='ocrx_word' id='word_1_27' title='bbox 140 826 198 901; x_wconf 76' lang='lat' dir='ltr'><strong>buis</strong></span> <span class='ocrx_word' id='word_1_28' title='bbox 219 845 273 922; x_wconf 94' lang='lat' dir='ltr'><strong>qui</strong></span> <span class='ocrx_word' id='word_1_29' title='bbox 291 845 440 922; x_wconf 79' lang='lat' dir='ltr'><strong>baptizati</strong></span> <span class='ocrx_word' id='word_1_30' title='bbox 460 853 534 905; x_wconf 89' lang='lat' dir='ltr'><strong>sunt</strong></span> <span class='ocrx_word' id='word_1_31' title='bbox 555 846 629 906; x_wconf 90' lang='lat' dir='ltr'><strong>haec</strong></span> <span class='ocrx_word' id='word_1_32' title='bbox 649 853 727 920; x_wconf 91' lang='lat' dir='ltr'><strong>orat,</strong></span> <span class='ocrx_word' id='word_1_33' title='bbox 749 848 852 907; x_wconf 87' lang='lat' dir='ltr'><strong>dicens</strong></span> <span class='ocrx_word' id='word_1_34' title='bbox 865 847 985 907; x_wconf 76' lang='lat'><strong>2-137.</strong></span> <span class='ocrx_word' id='word_1_35' title='bbox 1009 841 1253 904; x_wconf 80' lang='lat' dir='ltr'><strong>“Benedioimus</strong></span> 
     </span>
     <span class='ocr_line' id='line_1_5' title="bbox 140 933 1253 1023; baseline -0.004 -26"><span class='ocrx_word' id='word_1_36' title='bbox 140 937 208 1010; x_wconf 90' lang='lat' dir='ltr'><strong>tibi,</strong></span> <span class='ocrx_word' id='word_1_37' title='bbox 224 941 415 1018; x_wconf 86' lang='lat' dir='ltr'><strong>omnipotens</strong></span> <span class='ocrx_word' id='word_1_38' title='bbox 435 941 566 1001; x_wconf 91' lang='lat' dir='ltr'><strong>Domine</strong></span> <span class='ocrx_word' id='word_1_39' title='bbox 589 941 683 1016; x_wconf 90' lang='lat' dir='ltr'><strong>Deus,</strong></span> <span class='ocrx_word' id='word_1_40' title='bbox 705 943 780 1023; x_wconf 88' lang='lat' dir='ltr'><strong>quia</strong></span> <span class='ocrx_word' id='word_1_41' title='bbox 799 943 854 1002; x_wconf 90' lang='lat' dir='ltr'><strong>hos</strong></span> <span class='ocrx_word' id='word_1_42' title='bbox 876 943 984 1021; x_wconf 80' lang='lat' dir='ltr'><strong>dignos</strong></span> <span class='ocrx_word' id='word_1_43' title='bbox 1009 937 1174 1001; x_wconf 77' lang='lat' dir='ltr'><strong>reddidisti</strong></span> <span class='ocrx_word' id='word_1_44' title='bbox 1198 933 1253 1013; x_wconf 90' lang='lat' dir='ltr'><strong>qui</strong></span> 
     </span>
     <span class='ocr_line' id='line_1_6' title="bbox 141 1032 1252 1117; baseline -0.001 -27"><span class='ocrx_word' id='word_1_45' title='bbox 141 1032 252 1091; x_wconf 89' lang='lat' dir='ltr'><strong>iterum</strong></span> <span class='ocrx_word' id='word_1_46' title='bbox 280 1043 512 1096; x_wconf 77' lang='lat' dir='ltr'>renascerentur</span> <span class='ocrx_word' id='word_1_47' title='bbox 539 1043 570 1096; x_wconf 92' lang='lat' dir='ltr'><strong>et</strong></span> <span class='ocrx_word' id='word_1_48' title='bbox 598 1056 688 1115; x_wconf 89' lang='lat' dir='ltr'><strong>super</strong></span> <span class='ocrx_word' id='word_1_49' title='bbox 715 1059 792 1117; x_wconf 87' lang='lat' dir='ltr'><strong>quos</strong></span> <span class='ocrx_word' id='word_1_50' title='bbox 820 1038 969 1116; x_wconf 85' lang='lat' dir='ltr'><strong>Spiritum</strong></span> <span class='ocrx_word' id='word_1_51' title='bbox 996 1044 1086 1096; x_wconf 89' lang='lat' dir='ltr'><strong>tuum</strong></span> <span class='ocrx_word' id='word_1_52' title='bbox 1109 1038 1252 1093; x_wconf 87' lang='lat' dir='ltr'><strong>sanctum</strong></span> 
     </span>
    </p>
   </div>
   <div class='ocr_carea' id='block_1_3' title="bbox 140 1125 1264 4221">
    <p class='ocr_par' dir='ltr' id='par_1_3' title="bbox 140 1125 1259 2055">
     <span class='ocr_line' id='line_1_7' title="bbox 140 1125 1254 1212; baseline -0.004 -26"><span class='ocrx_word' id='word_1_53' title='bbox 140 1129 271 1188; x_wconf 86' lang='lat' dir='ltr'><strong>effundis</strong></span> <span class='ocrx_word' id='word_1_54' title='bbox 286 1137 322 1189; x_wconf 90' lang='lat' dir='ltr'><strong>ut</strong></span> <span class='ocrx_word' id='word_1_55' title='bbox 332 1133 396 1207; x_wconf 90' lang='lat' dir='ltr'><strong>jam</strong></span> <span class='ocrx_word' id='word_1_56' title='bbox 417 1132 499 1190; x_wconf 89' lang='lat' dir='ltr'><strong>uniti</strong></span> <span class='ocrx_word' id='word_1_57' title='bbox 516 1132 580 1190; x_wconf 91' lang='lat' dir='ltr'><strong>sint</strong></span> <span class='ocrx_word' id='word_1_58' title='bbox 600 1134 717 1209; x_wconf 82' lang='lat' dir='ltr'>corpori</span> <span class='ocrx_word' id='word_1_59' title='bbox 738 1133 890 1192; x_wconf 86' lang='lat' dir='ltr'><strong>Ecclesiae</strong></span> <span class='ocrx_word' id='word_1_60' title='bbox 910 1151 1069 1212; x_wconf 88' lang='lat' dir='ltr'><strong>nunquam</strong></span> <span class='ocrx_word' id='word_1_61' title='bbox 1090 1125 1254 1207; x_wconf 84' lang='lat' dir='ltr'><strong>separandi</strong></span> 
     </span>
     <span class='ocr_line' id='line_1_8' title="bbox 140 1221 1254 1304; baseline -0.004 -23"><span class='ocrx_word' id='word_1_62' title='bbox 140 1224 281 1300; x_wconf 87' lang='lat' dir='ltr'><strong>oporibus</strong></span> <span class='ocrx_word' id='word_1_63' title='bbox 308 1224 537 1286; x_wconf 83' lang='lat' dir='ltr'><strong>alienis-138.</strong></span> <span class='ocrx_word' id='word_1_64' title='bbox 571 1223 623 1283; x_wconf 89' lang='lat' dir='ltr'><strong>Da</strong></span> <span class='ocrx_word' id='word_1_65' title='bbox 649 1227 752 1303; x_wconf 90' lang='lat' dir='ltr'><strong>potius</strong></span> <span class='ocrx_word' id='word_1_66' title='bbox 779 1227 892 1304; x_wconf 90' lang='lat' dir='ltr'><strong>quibus</strong></span> <span class='ocrx_word' id='word_1_67' title='bbox 917 1228 980 1304; x_wconf 84' lang='lat' dir='ltr'><strong>jam</strong></span> <span class='ocrx_word' id='word_1_68' title='bbox 1009 1224 1123 1284; x_wconf 88' lang='lat' dir='ltr'><strong>dedisti</strong></span> <span class='ocrx_word' id='word_1_69' title='bbox 1152 1221 1254 1280; x_wconf 89' lang='lat' dir='ltr'><strong>remis·</strong></span> 
     </span>
     <span class='ocr_line' id='line_1_9' title="bbox 140 1316 1254 1396; baseline -0.003 -22"><span class='ocrx_word' id='word_1_70' title='bbox 140 1317 255 1374; x_wconf 87' lang='lat' dir='ltr'><strong>sionem</strong></span> <span class='ocrx_word' id='word_1_71' title='bbox 289 1323 480 1394; x_wconf 85' lang='lat' dir='ltr'><strong>peccatorum</strong></span> <span class='ocrx_word' id='word_1_72' title='bbox 513 1318 606 1376; x_wconf 89' lang='lat' dir='ltr'><strong>etiam</strong></span> <span class='ocrx_word' id='word_1_73' title='bbox 641 1321 793 1396; x_wconf 80' lang='grc' dir='ltr'>ἀρραβῶνα</span> <span class='ocrx_word' id='word_1_74' title='bbox 826 1321 912 1396; x_wconf 85' lang='lat' dir='ltr'><strong>regni</strong></span> <span class='ocrx_word' id='word_1_75' title='bbox 939 1320 987 1379; x_wconf 89' lang='lat' dir='ltr'><strong>tui</strong></span> <span class='ocrx_word' id='word_1_76' title='bbox 1013 1337 1069 1396; x_wconf 89' lang='lat' dir='ltr'><strong>per</strong></span> <span class='ocrx_word' id='word_1_77' title='bbox 1096 1316 1254 1375; x_wconf 89' lang='lat' dir='ltr'><strong>dominum</strong></span> 
     </span>
     <span class='ocr_line' id='line_1_10' title="bbox 140 1411 1254 1491; baseline -0.003 -23"><span class='ocrx_word' id='word_1_78' title='bbox 140 1417 279 1469; x_wconf 87' lang='lat' dir='ltr'><strong>nostrum</strong></span> <span class='ocrx_word' id='word_1_79' title='bbox 306 1411 412 1469; x_wconf 86' lang='lat' dir='ltr'><strong>Josum</strong></span> <span class='ocrx_word' id='word_1_80' title='bbox 438 1411 603 1483; x_wconf 74' lang='lat' dir='ltr'><strong>Christum,</strong></span> <span class='ocrx_word' id='word_1_81' title='bbox 633 1431 688 1488; x_wconf 88' lang='lat' dir='ltr'><strong>per</strong></span> <span class='ocrx_word' id='word_1_82' title='bbox 720 1432 810 1491; x_wconf 89' lang='lat' dir='ltr'><strong>quem</strong></span> <span class='ocrx_word' id='word_1_83' title='bbox 846 1414 903 1472; x_wconf 90' lang='lat' dir='ltr'><strong>tibi</strong></span> <span class='ocrx_word' id='word_1_84' title='bbox 931 1432 1000 1473; x_wconf 90' lang='lat' dir='ltr'><strong>cum</strong></span> <span class='ocrx_word' id='word_1_85' title='bbox 1027 1414 1095 1489; x_wconf 91' lang='lat' dir='ltr'><strong>ipso</strong></span> <span class='ocrx_word' id='word_1_86' title='bbox 1121 1417 1156 1469; x_wconf 90' lang='lat' dir='ltr'><strong>et</strong></span> <span class='ocrx_word' id='word_1_87' title='bbox 1185 1428 1254 1466; x_wconf 90' lang='lat' dir='ltr'><strong>cum</strong></span> 
     </span>
     <span class='ocr_line' id='line_1_11' title="bbox 141 1501 1253 1581; baseline -0.002 -20"><span class='ocrx_word' id='word_1_88' title='bbox 141 1503 258 1581; x_wconf 79' lang='lat' dir='ltr'><strong>Spiritu</strong></span> <span class='ocrx_word' id='word_1_89' title='bbox 292 1510 397 1562; x_wconf 86' lang='lat' dir='ltr'><strong>sancto</strong></span> <span class='ocrx_word' id='word_1_90' title='bbox 431 1505 528 1581; x_wconf 84' lang='lat' dir='ltr'><strong>gloria</strong></span> <span class='ocrx_word' id='word_1_91' title='bbox 561 1505 595 1563; x_wconf 91' lang='lat' dir='ltr'><strong>in</strong></span> <span class='ocrx_word' id='word_1_92' title='bbox 629 1505 748 1564; x_wconf 85' lang='lat' dir='ltr'><strong>saecula</strong></span> <span class='ocrx_word' id='word_1_93' title='bbox 782 1507 978 1579; x_wconf 86' lang='lat' dir='ltr'><strong>saeculorum,</strong></span> <span class='ocrx_word' id='word_1_94' title='bbox 1008 1501 1253 1564; x_wconf 54' lang='lat' dir='ltr'><strong>Anam—139.</strong></span> 
     </span>
     <span class='ocr_line' id='line_1_12' title="bbox 141 1596 1257 1676; baseline -0.003 -21"><span class='ocrx_word' id='word_1_95' title='bbox 141 1596 262 1655; x_wconf 90' lang='lat' dir='ltr'><strong>Deinde</strong></span> <span class='ocrx_word' id='word_1_96' title='bbox 296 1597 424 1674; x_wconf 75' lang='lat' dir='ltr'><strong>insignit</strong></span> <span class='ocrx_word' id='word_1_97' title='bbox 459 1597 577 1656; x_wconf 83' lang='lat' dir='ltr'><strong>frontes</strong></span> <span class='ocrx_word' id='word_1_98' title='bbox 611 1616 715 1657; x_wconf 88' lang='lat' dir='ltr'><strong>eorum</strong></span> <span class='ocrx_word' id='word_1_99' title='bbox 748 1600 835 1676; x_wconf 83' lang='lat' dir='ltr'><strong>signo</strong></span> <span class='ocrx_word' id='word_1_100' title='bbox 869 1600 1008 1658; x_wconf 85' lang='lat' dir='ltr'><strong>caritatis</strong></span> <span class='ocrx_word' id='word_1_101' title='bbox 1034 1596 1257 1673; x_wconf 80' lang='lat' dir='ltr'><strong>osculeturque</strong></span> 
     </span>
     <span class='ocr_line' id='line_1_13' title="bbox 141 1692 1257 1772; baseline -0.003 -21"><span class='ocrx_word' id='word_1_102' title='bbox 141 1711 199 1762; x_wconf 86' lang='lat' dir='ltr'><strong>eos,</strong></span> <span class='ocrx_word' id='word_1_103' title='bbox 223 1693 346 1752; x_wconf 87' lang='lat' dir='ltr'><strong>dicens:</strong></span> <span class='ocrx_word' id='word_1_104' title='bbox 370 1693 549 1752; x_wconf 89' lang='lat' dir='ltr'><strong>“Dominus</strong></span> <span class='ocrx_word' id='word_1_105' title='bbox 570 1693 869 1757; x_wconf 80' lang='lat' dir='ltr'><strong>vobiscum.&#39;’—140.</strong></span> <span class='ocrx_word' id='word_1_106' title='bbox 892 1694 935 1752; x_wconf 85' lang='lat' dir='ltr'><strong>Et</strong></span> <span class='ocrx_word' id='word_1_107' title='bbox 955 1692 1105 1772; x_wconf 85' lang='lat' dir='ltr'><strong>baptizati</strong></span> <span class='ocrx_word' id='word_1_108' title='bbox 1128 1710 1257 1768; x_wconf 87' lang='lat' dir='ltr'><strong>respon·</strong></span> 
     </span>
     <span class='ocr_line' id='line_1_14' title="bbox 140 1785 1258 1866; baseline -0.004 -20"><span class='ocrx_word' id='word_1_109' title='bbox 140 1786 233 1846; x_wconf 86' lang='lat' dir='ltr'><strong>dent:</strong></span> <span class='ocrx_word' id='word_1_110' title='bbox 258 1787 329 1845; x_wconf 85' lang='lat' dir='ltr'><strong>“Et</strong></span> <span class='ocrx_word' id='word_1_111' title='bbox 356 1808 425 1846; x_wconf 88' lang='lat' dir='ltr'><strong>cum</strong></span> <span class='ocrx_word' id='word_1_112' title='bbox 452 1789 565 1865; x_wconf 89' lang='lat' dir='ltr'><strong>spiritu</strong></span> <span class='ocrx_word' id='word_1_113' title='bbox 593 1787 677 1848; x_wconf 89' lang='lat' dir='ltr'><strong>tu0.&#39;&#39;</strong></span> <span class='ocrx_word' id='word_1_114' title='bbox 726 1786 776 1846; x_wconf 89' lang='lat' dir='ltr'><strong>Sic</strong></span> <span class='ocrx_word' id='word_1_115' title='bbox 803 1789 837 1846; x_wconf 91' lang='lat' dir='ltr'><strong>in</strong></span> <span class='ocrx_word' id='word_1_116' title='bbox 864 1787 992 1866; x_wconf 82' lang='lat' dir='ltr'><strong>singulis</strong></span> <span class='ocrx_word' id='word_1_117' title='bbox 1019 1788 1075 1866; x_wconf 89' lang='lat' dir='ltr'><strong>qui</strong></span> <span class='ocrx_word' id='word_1_118' title='bbox 1101 1785 1258 1864; x_wconf 82' lang='lat' dir='ltr'><strong>baptizati</strong></span> 
     </span>
     <span class='ocr_line' id='line_1_15' title="bbox 140 1881 1259 1963; baseline -0.001 -22"><span class='ocrx_word' id='word_1_119' title='bbox 140 1889 214 1942; x_wconf 90' lang='lat' dir='ltr'><strong>sunt</strong></span> <span class='ocrx_word' id='word_1_120' title='bbox 228 1882 422 1943; x_wconf 84' lang='lat' dir='ltr'><strong>iacit—141.</strong></span> <span class='ocrx_word' id='word_1_121' title='bbox 445 1883 467 1941; x_wconf 91' lang='lat' dir='ltr'><strong>J</strong></span> <span class='ocrx_word' id='word_1_122' title='bbox 468 1903 517 1941; x_wconf 86' lang='lat' dir='ltr'><strong>am</strong></span> <span class='ocrx_word' id='word_1_123' title='bbox 532 1903 600 1941; x_wconf 89' lang='lat' dir='ltr'><strong>oum</strong></span> <span class='ocrx_word' id='word_1_124' title='bbox 614 1888 682 1940; x_wconf 93' lang='lat' dir='ltr'><strong>toto</strong></span> <span class='ocrx_word' id='word_1_125' title='bbox 695 1882 806 1960; x_wconf 91' lang='lat' dir='ltr'><strong>populo</strong></span> <span class='ocrx_word' id='word_1_126' title='bbox 820 1890 911 1943; x_wconf 88' lang='lat' dir='ltr'><strong>orant</strong></span> <span class='ocrx_word' id='word_1_127' title='bbox 931 1883 986 1963; x_wconf 89' lang='lat' dir='ltr'><strong>qni</strong></span> <span class='ocrx_word' id='word_1_128' title='bbox 1006 1902 1057 1942; x_wconf 92' lang='lat' dir='ltr'><strong>eos</strong></span> <span class='ocrx_word' id='word_1_129' title='bbox 1075 1881 1259 1942; x_wconf 83' lang='lat' dir='ltr'><strong>osculentur</strong></span> 
     </span>
     <span class='ocr_line' id='line_1_16' title="bbox 141 1977 735 2055; baseline 0 -19"><span class='ocrx_word' id='word_1_130' title='bbox 141 1977 312 2055; x_wconf 81' lang='lat' dir='ltr'><strong>gaudentes</strong></span> <span class='ocrx_word' id='word_1_131' title='bbox 326 1997 395 2036; x_wconf 90' lang='lat' dir='ltr'><strong>cum</strong></span> <span class='ocrx_word' id='word_1_132' title='bbox 409 1978 448 2035; x_wconf 89' lang='lat' dir='ltr'><strong>iis</strong></span> <span class='ocrx_word' id='word_1_133' title='bbox 462 1997 529 2035; x_wconf 89' lang='lat' dir='ltr'><strong>cum</strong></span> <span class='ocrx_word' id='word_1_134' title='bbox 541 1977 735 2053; x_wconf 83' lang='lat' dir='ltr'><strong>jubilatione.</strong></span> 
     </span>
    </p>

    <p class='ocr_par' dir='ltr' id='par_1_4' title="bbox 140 2070 1262 3374">
     <span class='ocr_line' id='line_1_17' title="bbox 204 2070 1259 2149; baseline -0.002 -18"><span class='ocrx_word' id='word_1_135' title='bbox 204 2074 272 2134; x_wconf 80' lang='lat'>142.</span> <span class='ocrx_word' id='word_1_136' title='bbox 293 2072 415 2132; x_wconf 89' lang='lat' dir='ltr'><strong>Deinde</strong></span> <span class='ocrx_word' id='word_1_137' title='bbox 442 2072 585 2131; x_wconf 88' lang='lat' dir='ltr'><strong>diaconus</strong></span> <span class='ocrx_word' id='word_1_138' title='bbox 613 2072 723 2149; x_wconf 89' lang='lat' dir='ltr'><strong>incipit</strong></span> <span class='ocrx_word' id='word_1_139' title='bbox 749 2070 927 2144; x_wconf 88' lang='lat' dir='ltr'><strong>sacrificare,</strong></span> <span class='ocrx_word' id='word_1_140' title='bbox 956 2071 1115 2149; x_wconf 89' lang='lat' dir='ltr'><strong>episcopus</strong></span> <span class='ocrx_word' id='word_1_141' title='bbox 1151 2077 1259 2129; x_wconf 84' lang='lat' dir='ltr'><strong>autem</strong></span> 
     </span>
     <span class='ocr_line' id='line_1_18' title="bbox 140 2164 1258 2243; baseline -0.002 -18"><span class='ocrx_word' id='word_1_142' title='bbox 140 2166 241 2226; x_wconf 84' lang='lat' dir='ltr'><strong>defert</strong></span> <span class='ocrx_word' id='word_1_143' title='bbox 256 2165 401 2243; x_wconf 85' lang='lat' dir='ltr'><strong>reliquias</strong></span> <span class='ocrx_word' id='word_1_144' title='bbox 415 2165 605 2243; x_wconf 78' lang='lat' dir='ltr'><strong>mysteriales</strong></span> <span class='ocrx_word' id='word_1_145' title='bbox 626 2165 758 2242; x_wconf 88' lang='lat' dir='ltr'><strong>corporis</strong></span> <span class='ocrx_word' id='word_1_146' title='bbox 771 2171 804 2222; x_wconf 91' lang='lat' dir='ltr'><strong>et</strong></span> <span class='ocrx_word' id='word_1_147' title='bbox 817 2165 975 2242; x_wconf 86' lang='lat' dir='ltr'><strong>sanguinis</strong></span> <span class='ocrx_word' id='word_1_148' title='bbox 997 2164 1125 2223; x_wconf 91' lang='lat' dir='ltr'><strong>Domini</strong></span> <span class='ocrx_word' id='word_1_149' title='bbox 1146 2165 1258 2223; x_wconf 83' lang='lat' dir='ltr'><strong>nostri.</strong></span> 
     </span>
     <span class='ocr_line' id='line_1_19' title="bbox 141 2258 1260 2336; baseline 0 -19"><span class='ocrx_word' id='word_1_150' title='bbox 141 2259 251 2320; x_wconf 84' lang='grc'><strong>-143,</strong></span> <span class='ocrx_word' id='word_1_151' title='bbox 274 2259 404 2329; x_wconf 82' lang='lat' dir='ltr'><strong>Quando</strong></span> <span class='ocrx_word' id='word_1_152' title='bbox 432 2266 535 2318; x_wconf 86' lang='lat' dir='ltr'><strong>autem</strong></span> <span class='ocrx_word' id='word_1_153' title='bbox 563 2259 676 2331; x_wconf 84' lang='lat' dir='ltr'><strong>finivit,</strong></span> <span class='ocrx_word' id='word_1_154' title='bbox 704 2258 906 2318; x_wconf 89' lang='lat' dir='ltr'><strong>communicat</strong></span> <span class='ocrx_word' id='word_1_155' title='bbox 932 2258 1078 2336; x_wconf 89' lang='lat' dir='ltr'><strong>populum</strong></span> <span class='ocrx_word' id='word_1_156' title='bbox 1104 2264 1196 2317; x_wconf 85' lang='lat' dir='ltr'><strong>stans</strong></span> <span class='ocrx_word' id='word_1_157' title='bbox 1218 2258 1260 2317; x_wconf 83' lang='lat' dir='ltr'><strong>ed</strong></span> 
     </span>
     <span class='ocr_line' id='line_1_20' title="bbox 141 2351 1262 2431; baseline 0.001 -21"><span class='ocrx_word' id='word_1_158' title='bbox 141 2371 277 2411; x_wconf 88' lang='lat' dir='ltr'><strong>mensam</strong></span> <span class='ocrx_word' id='word_1_159' title='bbox 311 2353 444 2430; x_wconf 88' lang='lat' dir='ltr'><strong>corporis</strong></span> <span class='ocrx_word' id='word_1_160' title='bbox 478 2359 511 2411; x_wconf 93' lang='lat' dir='ltr'><strong>et</strong></span> <span class='ocrx_word' id='word_1_161' title='bbox 541 2353 700 2429; x_wconf 84' lang='lat' dir='ltr'><strong>sanguinis</strong></span> <span class='ocrx_word' id='word_1_162' title='bbox 735 2351 979 2413; x_wconf 79' lang='lat' dir='ltr'><strong>Domini—144.</strong></span> <span class='ocrx_word' id='word_1_163' title='bbox 1010 2352 1053 2411; x_wconf 84' lang='lat' dir='ltr'><strong>Et</strong></span> <span class='ocrx_word' id='word_1_164' title='bbox 1080 2353 1262 2431; x_wconf 86' lang='lat' dir='ltr'><strong>presbyteri</strong></span> 
     </span>
     <span class='ocr_line' id='line_1_21' title="bbox 142 2444 1262 2524; baseline 0.001 -21"><span class='ocrx_word' id='word_1_165' title='bbox 142 2452 271 2524; x_wconf 85' lang='lat' dir='ltr'><strong>portant</strong></span> <span class='ocrx_word' id='word_1_166' title='bbox 295 2446 370 2504; x_wconf 86' lang='lat' dir='ltr'><strong>alios</strong></span> <span class='ocrx_word' id='word_1_167' title='bbox 395 2445 503 2503; x_wconf 85' lang='lat' dir='ltr'><strong>calices</strong></span> <span class='ocrx_word' id='word_1_168' title='bbox 525 2444 615 2503; x_wconf 91' lang='lat' dir='ltr'><strong>lactis</strong></span> <span class='ocrx_word' id='word_1_169' title='bbox 636 2451 669 2503; x_wconf 93' lang='lat' dir='ltr'><strong>et</strong></span> <span class='ocrx_word' id='word_1_170' title='bbox 693 2444 791 2503; x_wconf 87' lang='lat' dir='ltr'><strong>mellis</strong></span> <span class='ocrx_word' id='word_1_171' title='bbox 813 2451 849 2503; x_wconf 88' lang='lat' dir='ltr'><strong>ut</strong></span> <span class='ocrx_word' id='word_1_172' title='bbox 877 2445 1006 2506; x_wconf 90' lang='lat' dir='ltr'><strong>doceant</strong></span> <span class='ocrx_word' id='word_1_173' title='bbox 1027 2447 1159 2524; x_wconf 88' lang='lat' dir='ltr'><strong>eosqui</strong></span> <span class='ocrx_word' id='word_1_174' title='bbox 1181 2465 1262 2504; x_wconf 89' lang='lat' dir='ltr'><strong>com-</strong></span> 
     </span>
     <span class='ocr_line' id='line_1_22' title="bbox 142 2539 1262 2619; baseline 0 -20"><span class='ocrx_word' id='word_1_175' title='bbox 142 2542 300 2599; x_wconf 90' lang='lat' dir='ltr'><strong>municant</strong></span> <span class='ocrx_word' id='word_1_176' title='bbox 329 2541 440 2599; x_wconf 89' lang='lat' dir='ltr'><strong>iterum</strong></span> <span class='ocrx_word' id='word_1_177' title='bbox 464 2559 496 2598; x_wconf 89' lang='lat' dir='ltr'><strong>se</strong></span> <span class='ocrx_word' id='word_1_178' title='bbox 518 2546 608 2598; x_wconf 87' lang='lat' dir='ltr'><strong>natos</strong></span> <span class='ocrx_word' id='word_1_179' title='bbox 631 2558 696 2598; x_wconf 87' lang='lat' dir='ltr'><strong>esse</strong></span> <span class='ocrx_word' id='word_1_180' title='bbox 719 2546 755 2597; x_wconf 90' lang='lat' dir='ltr'><strong>ut</strong></span> <span class='ocrx_word' id='word_1_181' title='bbox 777 2539 907 2617; x_wconf 82' lang='lat' dir='ltr'><strong>parvuli,</strong></span> <span class='ocrx_word' id='word_1_182' title='bbox 932 2540 1005 2619; x_wconf 90' lang='lat' dir='ltr'><strong>quia</strong></span> <span class='ocrx_word' id='word_1_183' title='bbox 1029 2540 1154 2617; x_wconf 81' lang='lat' dir='ltr'><strong>parvuli</strong></span> <span class='ocrx_word' id='word_1_184' title='bbox 1178 2560 1262 2599; x_wconf 90' lang='lat' dir='ltr'><strong>com-</strong></span> 
     </span>
     <span class='ocr_line' id='line_1_23' title="bbox 142 2633 1262 2712; baseline -0.001 -18"><span class='ocrx_word' id='word_1_185' title='bbox 142 2637 301 2694; x_wconf 89' lang='lat' dir='ltr'><strong>municant</strong></span> <span class='ocrx_word' id='word_1_186' title='bbox 329 2636 376 2692; x_wconf 89' lang='lat' dir='ltr'><strong>lac</strong></span> <span class='ocrx_word' id='word_1_187' title='bbox 404 2641 437 2693; x_wconf 90' lang='lat' dir='ltr'><strong>et</strong></span> <span class='ocrx_word' id='word_1_188' title='bbox 464 2633 644 2693; x_wconf 81' lang='lat' dir='ltr'><strong>mel—145.</strong></span> <span class='ocrx_word' id='word_1_189' title='bbox 668 2635 858 2711; x_wconf 89' lang='lat' dir='ltr'><strong>Presbyteris</strong></span> <span class='ocrx_word' id='word_1_190' title='bbox 885 2653 948 2694; x_wconf 88' lang='lat' dir='ltr'><strong>non</strong></span> <span class='ocrx_word' id='word_1_191' title='bbox 974 2635 1190 2712; x_wconf 89' lang='lat' dir='ltr'><strong>praesentibus</strong></span> <span class='ocrx_word' id='word_1_192' title='bbox 1220 2635 1262 2693; x_wconf 88' lang='lat' dir='ltr'><strong>ad</strong></span> 
     </span>
     <span class='ocr_line' id='line_1_24' title="bbox 142 2727 1261 2808; baseline 0.002 -21"><span class='ocrx_word' id='word_1_193' title='bbox 142 2730 308 2808; x_wconf 86' lang='lat' dir='ltr'><strong>portandos</strong></span> <span class='ocrx_word' id='word_1_194' title='bbox 343 2729 411 2786; x_wconf 91' lang='lat' dir='ltr'><strong>illos</strong></span> <span class='ocrx_word' id='word_1_195' title='bbox 447 2729 565 2801; x_wconf 86' lang='lat' dir='ltr'><strong>calices,</strong></span> <span class='ocrx_word' id='word_1_196' title='bbox 599 2735 763 2806; x_wconf 88' lang='lat' dir='ltr'><strong>portentur</strong></span> <span class='ocrx_word' id='word_1_197' title='bbox 797 2749 816 2786; x_wconf 91' lang='lat' dir='ltr'><strong>a</strong></span> <span class='ocrx_word' id='word_1_198' title='bbox 851 2727 1109 2790; x_wconf 79' lang='lat' dir='ltr'><strong>diaconis-146.</strong></span> <span class='ocrx_word' id='word_1_199' title='bbox 1134 2729 1261 2790; x_wconf 89' lang='lat' dir='ltr'><strong>Deinde</strong></span> 
     </span>
     <span class='ocr_line' id='line_1_25' title="bbox 142 2820 1261 2901; baseline 0.001 -21"><span class='ocrx_word' id='word_1_200' title='bbox 142 2824 280 2901; x_wconf 85' lang='lat' dir='ltr'><strong>porrigat</strong></span> <span class='ocrx_word' id='word_1_201' title='bbox 304 2823 365 2879; x_wconf 87' lang='lat' dir='ltr'><strong>illis</strong></span> <span class='ocrx_word' id='word_1_202' title='bbox 390 2822 547 2897; x_wconf 89' lang='lat' dir='ltr'><strong>episcopus</strong></span> <span class='ocrx_word' id='word_1_203' title='bbox 570 2820 607 2879; x_wconf 93' lang='lat' dir='ltr'><strong>de</strong></span> <span class='ocrx_word' id='word_1_204' title='bbox 630 2841 752 2898; x_wconf 91' lang='lat' dir='ltr'><strong>corpore</strong></span> <span class='ocrx_word' id='word_1_205' title='bbox 775 2821 900 2892; x_wconf 81' lang='lat' dir='ltr'><strong>Christi,</strong></span> <span class='ocrx_word' id='word_1_206' title='bbox 926 2821 1048 2885; x_wconf 89' lang='lat' dir='ltr'><strong>dicens:</strong></span> <span class='ocrx_word' id='word_1_207' title='bbox 1080 2820 1181 2882; x_wconf 89' lang='lat' dir='ltr'><strong>“Hoc</strong></span> <span class='ocrx_word' id='word_1_208' title='bbox 1211 2831 1261 2882; x_wconf 91' lang='lat' dir='ltr'><strong>est</strong></span> 
     </span>
     <span class='ocr_line' id='line_1_26' title="bbox 144 2916 1261 2995; baseline -0.001 -18"><span class='ocrx_word' id='word_1_209' title='bbox 144 2939 252 2995; x_wconf 92' lang='lat' dir='ltr'><strong>corpus</strong></span> <span class='ocrx_word' id='word_1_210' title='bbox 267 2917 411 2977; x_wconf 85' lang='lat' dir='ltr'><strong>Christi.&#39;&#39;</strong></span> <span class='ocrx_word' id='word_1_211' title='bbox 453 2917 505 2974; x_wconf 86' lang='lat' dir='ltr'><strong>Illi</strong></span> <span class='ocrx_word' id='word_1_212' title='bbox 519 2936 591 2975; x_wconf 87' lang='lat' dir='ltr'><strong>voro</strong></span> <span class='ocrx_word' id='word_1_213' title='bbox 610 2916 734 2978; x_wconf 87' lang='lat' dir='ltr'><strong>dicant:</strong></span> <span class='ocrx_word' id='word_1_214' title='bbox 757 2916 1020 2978; x_wconf 79' lang='lat' dir='ltr'><strong>“Amen.&#39;&#39;-147.</strong></span> <span class='ocrx_word' id='word_1_215' title='bbox 1043 2917 1087 2975; x_wconf 85' lang='lat' dir='ltr'><strong>Et</strong></span> <span class='ocrx_word' id='word_1_216' title='bbox 1100 2918 1129 2976; x_wconf 91' lang='lat' dir='ltr'><strong>ei</strong></span> <span class='ocrx_word' id='word_1_217' title='bbox 1144 2919 1261 2994; x_wconf 89' lang='lat' dir='ltr'><strong>quibus</strong></span> 
     </span>
     <span class='ocr_line' id='line_1_27' title="bbox 145 3008 1261 3092; baseline 0 -21"><span class='ocrx_word' id='word_1_218' title='bbox 145 3013 222 3092; x_wconf 83' lang='lat' dir='ltr'><strong>(ille)</strong></span> <span class='ocrx_word' id='word_1_219' title='bbox 239 3012 363 3069; x_wconf 87' lang='lat' dir='ltr'><strong>calicem</strong></span> <span class='ocrx_word' id='word_1_220' title='bbox 376 3011 514 3088; x_wconf 82' lang='lat' dir='ltr'><strong>porrigit,</strong></span> <span class='ocrx_word' id='word_1_221' title='bbox 531 3010 652 3072; x_wconf 85' lang='lat' dir='ltr'><strong>dicens:</strong></span> <span class='ocrx_word' id='word_1_222' title='bbox 675 3016 695 3043; x_wconf 88' lang='lat'><strong>“</strong></span> <span class='ocrx_word' id='word_1_223' title='bbox 704 3008 766 3068; x_wconf 89' lang='lat' dir='ltr'><strong>Hic</strong></span> <span class='ocrx_word' id='word_1_224' title='bbox 786 3016 833 3068; x_wconf 90' lang='lat' dir='ltr'><strong>est</strong></span> <span class='ocrx_word' id='word_1_225' title='bbox 852 3011 976 3087; x_wconf 82' lang='lat' dir='ltr'><strong>sanguis</strong></span> <span class='ocrx_word' id='word_1_226' title='bbox 991 3009 1117 3083; x_wconf 87' lang='lat' dir='ltr'><strong>Christi,</strong></span> <span class='ocrx_word' id='word_1_227' title='bbox 1133 3010 1261 3071; x_wconf 89' lang='lat' dir='ltr'><strong>dicant:</strong></span> 
     </span>
     <span class='ocr_line' id='line_1_28' title="bbox 146 3105 1262 3169; baseline 0 -3"><span class='ocrx_word' id='word_1_228' title='bbox 146 3107 387 3169; x_wconf 80' lang='lat' dir='ltr'><strong>Amen.&#39;&#39;-148.</strong></span> <span class='ocrx_word' id='word_1_229' title='bbox 410 3105 522 3165; x_wconf 78' lang='lat' dir='ltr'><strong>Postea</strong></span> <span class='ocrx_word' id='word_1_230' title='bbox 546 3113 650 3164; x_wconf 90' lang='lat' dir='ltr'><strong>autem</strong></span> <span class='ocrx_word' id='word_1_231' title='bbox 675 3112 798 3165; x_wconf 90' lang='lat' dir='ltr'><strong>sumant</strong></span> <span class='ocrx_word' id='word_1_232' title='bbox 820 3105 867 3163; x_wconf 86' lang='lat' dir='ltr'><strong>lac</strong></span> <span class='ocrx_word' id='word_1_233' title='bbox 889 3105 1001 3164; x_wconf 91' lang='lat' dir='ltr'><strong>etmel</strong></span> <span class='ocrx_word' id='word_1_234' title='bbox 1026 3106 1060 3163; x_wconf 94' lang='lat' dir='ltr'><strong>in</strong></span> <span class='ocrx_word' id='word_1_235' title='bbox 1082 3106 1262 3166; x_wconf 85' lang='lat' dir='ltr'><strong>memoriam</strong></span> 
     </span>
     <span class='ocr_line' id='line_1_29' title="bbox 144 3199 1260 3279; baseline 0 -17"><span class='ocrx_word' id='word_1_236' title='bbox 144 3203 256 3262; x_wconf 86' lang='lat' dir='ltr'><strong>saeculi</strong></span> <span class='ocrx_word' id='word_1_237' title='bbox 278 3201 378 3260; x_wconf 84' lang='lat' dir='ltr'><strong>futuri</strong></span> <span class='ocrx_word' id='word_1_238' title='bbox 400 3207 433 3258; x_wconf 92' lang='lat' dir='ltr'><strong>et</strong></span> <span class='ocrx_word' id='word_1_239' title='bbox 453 3200 622 3259; x_wconf 88' lang='lat' dir='ltr'><strong>dulcedinis</strong></span> <span class='ocrx_word' id='word_1_240' title='bbox 644 3201 792 3259; x_wconf 90' lang='lat' dir='ltr'><strong>bonorum</strong></span> <span class='ocrx_word' id='word_1_241' title='bbox 816 3218 896 3279; x_wconf 89' lang='lat' dir='ltr'><strong>quae</strong></span> <span class='ocrx_word' id='word_1_242' title='bbox 923 3206 996 3257; x_wconf 85' lang='lat' dir='ltr'><strong>sunt</strong></span> <span class='ocrx_word' id='word_1_243' title='bbox 1025 3199 1162 3259; x_wconf 87' lang='lat' dir='ltr'><strong>studium</strong></span> <span class='ocrx_word' id='word_1_244' title='bbox 1189 3203 1260 3278; x_wconf 87' lang='lat' dir='ltr'><strong>ejus</strong></span> 
     </span>
     <span class='ocr_line' id='line_1_30' title="bbox 146 3293 1010 3374; baseline -0.002 -20"><span class='ocrx_word' id='word_1_245' title='bbox 146 3299 199 3374; x_wconf 89' lang='lat' dir='ltr'><strong>qui</strong></span> <span class='ocrx_word' id='word_1_246' title='bbox 215 3315 275 3353; x_wconf 90' lang='lat' dir='ltr'><strong>non</strong></span> <span class='ocrx_word' id='word_1_247' title='bbox 290 3293 372 3352; x_wconf 91' lang='lat' dir='ltr'><strong>redit</strong></span> <span class='ocrx_word' id='word_1_248' title='bbox 386 3293 425 3351; x_wconf 92' lang='lat' dir='ltr'><strong>ad</strong></span> <span class='ocrx_word' id='word_1_249' title='bbox 440 3293 684 3364; x_wconf 87' lang='lat' dir='ltr'><strong>amaritudinem,</strong></span> <span class='ocrx_word' id='word_1_250' title='bbox 700 3312 799 3371; x_wconf 88' lang='lat' dir='ltr'><strong>neque</strong></span> <span class='ocrx_word' id='word_1_251' title='bbox 813 3293 1010 3370; x_wconf 84' lang='lat' dir='ltr'><strong>dissipentur.</strong></span> 
     </span>
    </p>

    <p class='ocr_par' dir='ltr' id='par_1_5' title="bbox 145 3386 1262 3935">
     <span class='ocr_line' id='line_1_31' title="bbox 210 3386 1260 3465; baseline 0.004 -19"><span class='ocrx_word' id='word_1_252' title='bbox 210 3390 275 3448; x_wconf 88' lang='grc'><strong>149.</strong></span> <span class='ocrx_word' id='word_1_253' title='bbox 297 3390 369 3447; x_wconf 89' lang='lat' dir='ltr'><strong>Jam</strong></span> <span class='ocrx_word' id='word_1_254' title='bbox 393 3408 464 3446; x_wconf 90' lang='lat' dir='ltr'><strong>vero</strong></span> <span class='ocrx_word' id='word_1_255' title='bbox 485 3387 561 3446; x_wconf 87' lang='lat' dir='ltr'><strong>iacti</strong></span> <span class='ocrx_word' id='word_1_256' title='bbox 584 3395 656 3446; x_wconf 91' lang='lat' dir='ltr'><strong>sunt</strong></span> <span class='ocrx_word' id='word_1_257' title='bbox 680 3386 849 3446; x_wconf 87' lang='lat' dir='ltr'><strong>Christiani</strong></span> <span class='ocrx_word' id='word_1_258' title='bbox 870 3388 1007 3465; x_wconf 82' lang='lat' dir='ltr'><strong>perfecti,</strong></span> <span class='ocrx_word' id='word_1_259' title='bbox 1029 3388 1084 3465; x_wconf 89' lang='lat' dir='ltr'><strong>qui</strong></span> <span class='ocrx_word' id='word_1_260' title='bbox 1107 3387 1260 3451; x_wconf 83' lang='lat' dir='ltr'><strong>fruuntur</strong></span> 
     </span>
     <span class='ocr_line' id='line_1_32' title="bbox 146 3482 1261 3562; baseline 0.004 -19"><span class='ocrx_word' id='word_1_261' title='bbox 146 3505 268 3562; x_wconf 85' lang='lat' dir='ltr'><strong>corpore</strong></span> <span class='ocrx_word' id='word_1_262' title='bbox 293 3484 409 3542; x_wconf 89' lang='lat' dir='ltr'><strong>Christi</strong></span> <span class='ocrx_word' id='word_1_263' title='bbox 432 3490 464 3542; x_wconf 91' lang='lat' dir='ltr'><strong>et</strong></span> <span class='ocrx_word' id='word_1_264' title='bbox 486 3483 722 3561; x_wconf 82' lang='lat' dir='ltr'><strong>progrediuntur</strong></span> <span class='ocrx_word' id='word_1_265' title='bbox 750 3484 783 3541; x_wconf 92' lang='lat' dir='ltr'><strong>in</strong></span> <span class='ocrx_word' id='word_1_266' title='bbox 811 3484 968 3560; x_wconf 87' lang='lat' dir='ltr'><strong>sapientia,</strong></span> <span class='ocrx_word' id='word_1_267' title='bbox 995 3489 1031 3541; x_wconf 89' lang='lat' dir='ltr'><strong>ut</strong></span> <span class='ocrx_word' id='word_1_268' title='bbox 1059 3482 1261 3547; x_wconf 89' lang='lat' dir='ltr'><strong>illustrentur</strong></span> 
     </span>
     <span class='ocr_line' id='line_1_33' title="bbox 145 3579 1260 3656; baseline 0.003 -19"><span class='ocrx_word' id='word_1_269' title='bbox 145 3599 242 3638; x_wconf 87' lang='lat' dir='ltr'><strong>mores</strong></span> <span class='ocrx_word' id='word_1_270' title='bbox 270 3599 373 3637; x_wconf 86' lang='lat' dir='ltr'><strong>eorum</strong></span> <span class='ocrx_word' id='word_1_271' title='bbox 396 3579 575 3650; x_wconf 62' lang='lat' dir='ltr'><strong>uirtutibus,</strong></span> <span class='ocrx_word' id='word_1_272' title='bbox 597 3597 658 3636; x_wconf 93' lang='lat' dir='ltr'><strong>non</strong></span> <span class='ocrx_word' id='word_1_273' title='bbox 684 3579 896 3638; x_wconf 88' lang='lat' dir='ltr'><strong>tantummodo</strong></span> <span class='ocrx_word' id='word_1_274' title='bbox 924 3597 1024 3636; x_wconf 89' lang='lat' dir='ltr'><strong>coram</strong></span> <span class='ocrx_word' id='word_1_275' title='bbox 1048 3579 1179 3656; x_wconf 91' lang='lat' dir='ltr'><strong>seipsis</strong></span> <span class='ocrx_word' id='word_1_276' title='bbox 1205 3581 1260 3640; x_wconf 90' lang='lat' dir='ltr'><strong>sed</strong></span> 
     </span>
     <span class='ocr_line' id='line_1_34' title="bbox 145 3671 1261 3749; baseline 0.003 -18"><span class='ocrx_word' id='word_1_277' title='bbox 145 3674 238 3732; x_wconf 86' lang='lat' dir='ltr'><strong>etiam</strong></span> <span class='ocrx_word' id='word_1_278' title='bbox 267 3691 367 3730; x_wconf 84' lang='lat' dir='ltr'><strong>coram</strong></span> <span class='ocrx_word' id='word_1_279' title='bbox 396 3671 535 3730; x_wconf 89' lang='lat' dir='ltr'><strong>omnibus</strong></span> <span class='ocrx_word' id='word_1_280' title='bbox 563 3671 707 3748; x_wconf 83' lang='lat' dir='ltr'><strong>gentibus</strong></span> <span class='ocrx_word' id='word_1_281' title='bbox 731 3691 811 3749; x_wconf 90' lang='lat' dir='ltr'><strong>quae</strong></span> <span class='ocrx_word' id='word_1_282' title='bbox 839 3691 900 3730; x_wconf 90' lang='lat' dir='ltr'><strong>non</strong></span> <span class='ocrx_word' id='word_1_283' title='bbox 927 3672 992 3729; x_wconf 91' lang='lat' dir='ltr'><strong>sine</strong></span> <span class='ocrx_word' id='word_1_284' title='bbox 1019 3671 1137 3730; x_wconf 86' lang='lat' dir='ltr'><strong>invidia</strong></span> <span class='ocrx_word' id='word_1_285' title='bbox 1164 3674 1261 3734; x_wconf 88' lang='lat' dir='ltr'><strong>admi-</strong></span> 
     </span>
     <span class='ocr_line' id='line_1_35' title="bbox 145 3764 1262 3843; baseline 0.004 -20"><span class='ocrx_word' id='word_1_286' title='bbox 145 3767 296 3823; x_wconf 88' lang='lat' dir='ltr'><strong>rabuntur</strong></span> <span class='ocrx_word' id='word_1_287' title='bbox 330 3764 500 3841; x_wconf 85' lang='lat' dir='ltr'><strong>proiectum</strong></span> <span class='ocrx_word' id='word_1_288' title='bbox 542 3783 646 3823; x_wconf 88' lang='lat' dir='ltr'><strong>eorum</strong></span> <span class='ocrx_word' id='word_1_289' title='bbox 688 3765 743 3843; x_wconf 91' lang='lat' dir='ltr'><strong>qui</strong></span> <span class='ocrx_word' id='word_1_290' title='bbox 778 3765 949 3841; x_wconf 85' lang='lat' dir='ltr'><strong>gloriantur</strong></span> <span class='ocrx_word' id='word_1_291' title='bbox 990 3764 1124 3842; x_wconf 86' lang='lat' dir='ltr'><strong>ipsorum</strong></span> <span class='ocrx_word' id='word_1_292' title='bbox 1159 3786 1262 3828; x_wconf 88' lang='lat' dir='ltr'><strong>mores</strong></span> 
     </span>
     <span class='ocr_line' id='line_1_36' title="bbox 145 3856 1202 3935; baseline 0.005 -18"><span class='ocrx_word' id='word_1_293' title='bbox 145 3858 316 3935; x_wconf 88' lang='lat' dir='ltr'><strong>superiores</strong></span> <span class='ocrx_word' id='word_1_294' title='bbox 327 3863 359 3914; x_wconf 90' lang='lat' dir='ltr'><strong>et</strong></span> <span class='ocrx_word' id='word_1_295' title='bbox 373 3856 611 3934; x_wconf 87' lang='lat' dir='ltr'><strong>praestantiores</strong></span> <span class='ocrx_word' id='word_1_296' title='bbox 625 3876 689 3916; x_wconf 88' lang='lat' dir='ltr'><strong>esse</strong></span> <span class='ocrx_word' id='word_1_297' title='bbox 703 3858 838 3916; x_wconf 90' lang='lat' dir='ltr'><strong>moribus</strong></span> <span class='ocrx_word' id='word_1_298' title='bbox 852 3863 1020 3916; x_wconf 88' lang='lat' dir='ltr'><strong>ceterorum</strong></span> <span class='ocrx_word' id='word_1_299' title='bbox 1033 3856 1202 3923; x_wconf 87' lang='lat' dir='ltr'><strong>hominum.</strong></span> 
     </span>
    </p>

    <p class='ocr_par' dir='ltr' id='par_1_6' title="bbox 144 3953 1264 4221">
     <span class='ocr_line' id='line_1_37' title="bbox 209 3953 1261 4032; baseline 0.007 -22"><span class='ocrx_word' id='word_1_300' title='bbox 209 3954 276 4013; x_wconf 88' lang='lat'>150.</span> <span class='ocrx_word' id='word_1_301' title='bbox 299 3953 328 4009; x_wconf 90' lang='lat' dir='ltr'><strong>Ii</strong></span> <span class='ocrx_word' id='word_1_302' title='bbox 365 3971 437 4010; x_wconf 83' lang='lat' dir='ltr'><strong>vero</strong></span> <span class='ocrx_word' id='word_1_303' title='bbox 474 3953 528 4030; x_wconf 91' lang='lat' dir='ltr'><strong>qui</strong></span> <span class='ocrx_word' id='word_1_304' title='bbox 564 3953 769 4029; x_wconf 85' lang='lat' dir='ltr'><strong>baptizantur,</strong></span> <span class='ocrx_word' id='word_1_305' title='bbox 801 3973 869 4012; x_wconf 91' lang='lat' dir='ltr'><strong>cum</strong></span> <span class='ocrx_word' id='word_1_306' title='bbox 904 3953 1013 4012; x_wconf 88' lang='lat' dir='ltr'><strong>ceteris</strong></span> <span class='ocrx_word' id='word_1_307' title='bbox 1048 3953 1102 4032; x_wconf 91' lang='lat' dir='ltr'><strong>qui</strong></span> <span class='ocrx_word' id='word_1_308' title='bbox 1136 3956 1261 4017; x_wconf 88' lang='lat' dir='ltr'><strong>illorum</strong></span> 
     </span>
     <span class='ocr_line' id='line_1_38' title="bbox 144 4046 1261 4126; baseline 0.007 -20"><span class='ocrx_word' id='word_1_309' title='bbox 144 4049 264 4125; x_wconf 84' lang='lat' dir='ltr'><strong>jejunio</strong></span> <span class='ocrx_word' id='word_1_310' title='bbox 285 4053 358 4105; x_wconf 89' lang='lat' dir='ltr'><strong>sunt</strong></span> <span class='ocrx_word' id='word_1_311' title='bbox 380 4046 529 4119; x_wconf 89' lang='lat' dir='ltr'><strong>adstricti,</strong></span> <span class='ocrx_word' id='word_1_312' title='bbox 553 4047 631 4106; x_wconf 92' lang='lat' dir='ltr'><strong>nihil</strong></span> <span class='ocrx_word' id='word_1_313' title='bbox 651 4050 822 4125; x_wconf 82' lang='lat' dir='ltr'><strong>gustabunt</strong></span> <span class='ocrx_word' id='word_1_314' title='bbox 843 4054 1008 4126; x_wconf 90' lang='lat' dir='ltr'><strong>antequam</strong></span> <span class='ocrx_word' id='word_1_315' title='bbox 1028 4054 1197 4112; x_wconf 84' lang='lat' dir='ltr'><strong>sumserint</strong></span> <span class='ocrx_word' id='word_1_316' title='bbox 1222 4054 1261 4114; x_wconf 89' lang='lat' dir='ltr'><strong>de</strong></span> 
     </span>
     <span class='ocr_line' id='line_1_39' title="bbox 148 4138 1264 4221; baseline 0.006 -20"><span class='ocrx_word' id='word_1_317' title='bbox 148 4160 274 4219; x_wconf 89' lang='lat' dir='ltr'><strong>corpore</strong></span> <span class='ocrx_word' id='word_1_318' title='bbox 305 4139 440 4202; x_wconf 88' lang='lat' dir='ltr'><strong>Christi:</strong></span> <span class='ocrx_word' id='word_1_319' title='bbox 474 4138 551 4199; x_wconf 91' lang='lat' dir='ltr'><strong>illud</strong></span> <span class='ocrx_word' id='word_1_320' title='bbox 579 4142 658 4199; x_wconf 89' lang='lat' dir='ltr'><strong>enim</strong></span> <span class='ocrx_word' id='word_1_321' title='bbox 686 4161 749 4202; x_wconf 92' lang='lat' dir='ltr'><strong>non</strong></span> <span class='ocrx_word' id='word_1_322' title='bbox 775 4143 988 4202; x_wconf 86' lang='lat' dir='ltr'><strong>aestimaretur</strong></span> <span class='ocrx_word' id='word_1_323' title='bbox 1016 4140 1180 4221; x_wconf 89' lang='lat' dir='ltr'><strong>jejunium,</strong></span> <span class='ocrx_word' id='word_1_324' title='bbox 1210 4149 1264 4208; x_wconf 86' lang='lat' dir='ltr'><strong>sed</strong></span> 
     </span>
    </p>
   </div>
   <div class='ocr_carea' id='block_1_4' title="bbox 0 0 1415 4822">
    <p class='ocr_par' dir='ltr' id='par_1_7' title="bbox 0 0 1415 4822">
     <span class='ocr_line' id='line_1_40' title="bbox 0 0 1415 4822; baseline 0 0"><span class='ocrx_word' id='word_1_325' title='bbox 0 0 1415 4822; x_wconf 95' lang='lat' dir='ltr'><strong> </strong></span> 
     </span>
    </p>
   </div>
  </div>
 </body>
</html>
