2814 4816
143 398 208 465 476
253 415 433 465 camarlais
455 416 624 468 wousmrt
647 417 700 466 ITS
720 417 839 468 omani
861 418 930 468 ANB
954 409 1165 468 Romulos.

144 579 282 640 sacerdos
309 581 477 640 orationem
505 588 538 640 et
572 580 775 657 respondeant
808 599 912 640 omnes
938 579 1043 642 Am.
1101 579 1146 639 Et
1179 585 1263 639 stant

144 676 253 735 aelecti
272 677 305 735 in
325 676 521 754 presbyterio,
544 675 648 736 induti
666 675 811 753 planitas.
854 674 976 735 Deinde
995 675 1144 735 ascendit
1162 675 1263 734 aerini

144 772 227 829 arius
240 772 273 830 in
287 772 443 831 ambonem
458 778 490 830 et
504 771 596 830 dicit:
617 770 657 830 In
670 771 782 830 nemim
803 769 922 831 Domini
940 769 1035 829 nostri
1047 768 1126 829 Jeeu
1148 768 1260 829 Μ.

144 862 179 924 si
205 864 295 942 igilur
321 873 363 924 eal
389 864 497 944 aliquia
522 865 573 944 qai
599 872 699 924 contro
726 864 776 924 lios
802 865 877 924 viros
904 862 1018 942 aliquid
1038 863 1098 923 wit
1117 863 1156 923 de
1176 881 1262 922 αιω

144 958 278 1031 oriminis,
301 959 406 1038 absque
425 959 600 1019 dubitatione
622 967 706 1018 coeat
728 967 757 1018 et
778 959 880 1031 dicon
914 965 997 1017 totto
1022 965 1168 1017 meato
1195 976 1262 1016 ooa-

145 1053 284 1112 maoiooie
304 1073 381 1114 auce.
426 1054 469 1111 Et
488 1053 545 1114 hoo
568 1054 663 1113 tertio
686 1054 800 1131 repetit
821 1059 854 1112 et
877 1050 1035 1111 descendit
1060 1050 1102 1111 de
1125 1052 1261 1110 ambone

145 1146 188 1204 Et
210 1148 315 1225 psallit
337 1147 538 1209 subdiaconus
560 1154 593 1206 et
616 1148 691 1225 legit
713 1149 891 1220 lectionem
917 1153 950 1205 et
971 1147 1117 1224 sequitur
1141 1165 1262 1224 rupen·

144 1243 266 1301 acrium.
310 1241 352 1300 Et
365 1244 430 1320 ipso
443 1240 592 1320 oompleto
605 1242 710 1319 psallit
723 1243 834 1300 iterum
848 1239 985 1300 sacerdos
998 1247 1032 1298 ct
1046 1239 1128 1299 dicit
1142 1240 1261 1301 Omm

144 1342 176 1393 et
200 1335 336 1413 sequitur
357 1337 462 1410 oratio,
483 1335 574 1396 lectio
597 1342 630 1394 et
651 1336 871 1414 responsorium
882 1357 891 1406 3
919 1333 1031 1393 deinde
1054 1334 1259 1412 evangelium,

144 1436 176 1486 et
190 1429 342 1505 complent
355 1431 447 1488 musa
460 1431 540 1490 siout
554 1449 619 1488 mos
633 1435 688 1488 est.

205 1522 262 1581 VI.
274 1522 351 1582 feria
364 1525 516 1598 veniente,
527 1525 622 1584 stacio
635 1523 675 1583 ad
690 1522 818 1582 Sanctoe
827 1521 1000 1600 Apostolos.
1030 1519 1078 1581 Et
1091 1520 1260 1600 procedunt

143 1633 254 1688 omnes,
277 1622 341 1676 tam
361 1618 459 1677 clerus
480 1638 571 1697 quam
591 1624 624 1678 et
644 1617 741 1689 electi,
763 1617 838 1676 hora
858 1615 918 1675 VI.
959 1614 1036 1674 Post
1058 1614 1261 1693 antiphonam

144 1708 184 1767 ad
205 1709 367 1769 introitum
391 1712 496 1789 psallit
518 1711 658 1771 sacerdos
680 1717 712 1769 et
740 1709 815 1768 dicit
842 1709 1019 1770 orationem.
1075 1708 1121 1767 Et
1148 1709 1260 1768 iterum

144 1804 319 1863 scriniarius
346 1805 380 1863 in
407 1806 536 1865 ambone
562 1807 642 1865 sicut
669 1823 762 1881 supra
785 1810 817 1863 et
841 1803 918 1862 dicit
939 1801 1009 1862 ut‘⁰
1034 1821 1133 1881 supra
1158 1804 1259 1862 tertia

146 1895 265 1954 Deinde
287 1896 399 1973 legitur
431 1898 522 1956 lectio
545 1904 577 1956 et
605 1898 741 1976 sequitur
768 1897 989 1974 responsorium
1012 1901 1047 1953 et
1073 1901 1204 1971 cotere;
1231 1903 1261 1954 et

144 1992 296 2068 complent
310 1993 410 2051 missa.

205 2083 341 2144 Sabbato
360 2090 462 2143 autom
476 2085 619 2143 veniente
639 2085 672 2142 in
692 2083 772 2146 XII.
786 2082 940 2155 lectiones,
954 2082 1051 2142 statio
1072 2083 1114 2142 ad
1135 2081 1261 2143 beatum

145 2174 271 2237 Petrum
299 2178 478 2256 apostolum.
529 2177 672 2237 Procedit
705 2177 846 2256 pontifex
879 2176 954 2235 hora
981 2176 1063 2239 VII.
1092 2184 1127 2236 et
1163 2179 1260 2237 omnia

144 2270 251 2342 clerus,
273 2277 338 2330 tem
358 2270 520 2348 presbiteri
541 2290 633 2348 quam
654 2270 774 2329 diaconi
794 2275 827 2328 et
847 2269 943 2328 alecti.
987 2267 1114 2328 Deinde
1135 2270 1261 2347 quando

143 2361 231 2437 jubat
265 2362 406 2439 pontifex
440 2347 564 2421 inoboet
598 2361 679 2420 aeola
712 2361 910 2438 antiphonam
944 2360 983 2419 ad
1017 2361 1199 2434 introitum,
1231 2371 1262 2420 et

143 2454 280 2533 procedit
306 2454 446 2533 pontifex
474 2455 512 2513 de
539 2455 682 2528 sacrario,
703 2461 735 2513 et
763 2455 892 2530 diaconi,
912 2461 945 2514 et
972 2459 1157 2526 cereostata
1182 2456 1262 2514 sicut

143 2569 208 2608 mos
234 2555 304 2622 est5
330 2557 363 2607 et
390 2549 527 2608 osculato
554 2549 653 2607 altare
680 2548 784 2626 psallit
811 2548 851 2607 ad
879 2548 990 2620 sedem,
1010 2549 1095 2606 dont
1114 2566 1185 2607 mos
1205 2556 1262 2608 est.

144 2641 187 2699 Et
201 2641 274 2700 dum
294 2641 482 2718 conpleverit
501 2641 583 2699 scola
596 2640 689 2716 Kyrie
709 2638 822 2712 eleison,
839 2641 914 2699 dicit
934 2639 1093 2718 pontifex:
1115 2637 1261 2702 Domino

142 2732 280 2791 oobieoom
290 2752 302 2804 ‚·
323 2732 394 2790 dein
416 2731 557 2803 Oreum
577 2739 611 2791 et
631 2733 792 2791 diaconus:
814 2731 978 2791 Flwiomue
997 2751 1116 2809 oeeao3
1135 2739 1173 2793 et
1194 2740 1262 2810 poet

142 2826 318 2904 paululum:
340 2824 457 2885 Leoote.
501 2826 544 2885 Et
564 2826 621 2885 dat
640 2826 780 2903 pontifex
799 2827 974 2898 orationem,
990 2833 1023 2885 et
1035 2825 1157 2904 legitur
1171 2829 1262 2888 lectio

44 2989 48 2997 Δ
142 2928 175 2981 et
195 2923 333 2998 sequitur
353 2921 586 2998 responsorium.
628 2920 775 2980 Similiter
795 2920 872 2979 facit
892 2939 945 2999 per
972 2939 1078 2980 omnes
1102 2923 1261 2984 lectiones.

144 3015 186 3072 Et
214 3015 351 3093 sequitur
379 3015 550 3074 benedictio
577 3022 611 3073 et
637 3015 787 3091 Apostolo
813 3021 846 3073 et
873 3021 981 3074 tracto.
1022 3013 1099 3092 Ipsa
1124 3018 1261 3096 expleta,

143 3117 229 3168 stant
251 3108 359 3168 aelecti
383 3110 416 3167 in
438 3109 636 3186 presbyterio,
662 3109 764 3167 induti
786 3108 964 3168 dalmaticas
986 3116 1021 3168 et
1042 3129 1208 3189 oempages
1229 3114 1261 3172 in

143 3203 278 3280 pedibus.
322 3202 365 3260 Et
389 3210 479 3262 vocat
507 3201 648 3280 pontifex
675 3221 767 3260 vocae
794 3221 905 3279 magna
930 3221 1180 3281 unumquemque
1207 3225 1260 3284 per

142 3299 266 3356 nomina
292 3299 424 3374 ipsorum
451 3297 491 3356 ad
519 3297 630 3370 offlam,
657 3305 690 3355 et
717 3297 811 3359 dicit:
850 3295 932 3356 Talia
955 3297 1100 3377 precbiier
1131 3301 1259 3377 reqioae'e

143 3391 256 3463 tertiae,
279 3391 361 3450 titulo
380 3390 448 3464 tale,
470 3390 529 3453 illo.
582 3391 624 3448 Et
641 3391 805 3450 descendat
822 3391 964 3451 dimus
985 3399 1019 3450 et
1040 3392 1129 3453 ducit
1151 3414 1261 3455 unum·

143 3503 291 3562 quemque
318 3484 358 3543 ad
379 3484 481 3543 sedem
503 3485 664 3562 pontificis,
689 3491 722 3544 et
746 3487 861 3545 statuit
883 3504 934 3545 eos
957 3492 1030 3546 ante
1052 3505 1155 3560 mum,
1179 3490 1259 3548 dont

143 3579 245 3636 vocati
272 3583 346 3636 sunt
373 3578 412 3636 ab
439 3577 513 3654 ipso,
542 3578 649 3637 vestiti
675 3596 779 3637 omnes
810 3578 990 3639 dalmaticas
1019 3585 1052 3639 et
1087 3600 1259 3660 campagos,

143 3675 261 3728 amntea
293 3670 441 3730 inclinato
472 3672 580 3748 capite.
639 3670 683 3729 Et
714 3670 770 3730 dat
801 3671 942 3748 pontifex
972 3671 1143 3732 orationem
1177 3675 1259 3734 dont

144 3764 283 3822 continet
296 3763 329 3821 in
343 3762 616 3824 sacramentorum.

206 3857 278 3934 Ipse
305 3857 437 3934 expleta,
463 3857 652 3918 descendunt
684 3857 742 3935 ipsi
775 3857 828 3934 qui
862 3857 1023 3935 presbiteri
1048 3856 1151 3919 futuri
1186 3866 1260 3922 suut

552 4099 583 4170 (i)
602 4099 667 4156 dicit
679 4101 718 4173 ut]
731 4099 834 4156 dieitur.
