2814 4816
143 448 206 512 502
251 462 430 514 cumam
452 461 625 513 woaamv:
648 461 701 512 ua
721 460 839 512 onom
862 461 932 512 uun
953 461 1156 512 uvonurmu.

142 628 243 687 omnia
271 647 367 708 usque
395 629 428 687 iu
455 646 544 687 mane
570 628 802 706 protrahuntur.
855 627 952 688 Missa
978 634 1086 689 autem
1112 648 1197 708 quac
1225 629 1261 686 iit

142 721 270 781 sabbato
283 722 323 780 ad
344 720 509 794 Anastaae,
522 725 597 781 ante
610 722 703 782 solem
724 721 770 793 fit,
786 719 842 780 hoe
856 727 905 781 eat
925 722 1049 795 oblatio,
1064 729 1104 781 ut
1123 741 1165 782 aa
1185 720 1262 781 hora

142 834 204 893 qua
215 815 325 892 incipit
343 814 388 874 aol
406 814 575 892 procedere,
597 816 661 892 jam
673 815 767 875 miaaa
786 816 820 874 in
834 813 987 876 Anastaae
1004 815 1093 875 iacta
1110 815 1167 877 ait.
1211 815 1262 874 Sic

141 928 214 985 ergo
233 907 372 985 singulae
390 910 576 986 septimanae
588 908 783 969 celebrantur
803 907 1122 987 Quadragadmurum.
1169 906 1261 978 Quod

144 1007 248 1061 autom
276 1001 348 1074 dixi,
378 1004 529 1063 maturina
555 1003 592 1062 fit
626 1003 718 1062 miaaa
745 1003 883 1076 sabbato,
908 1003 941 1061 id
974 1008 1023 1064 eat
1050 1009 1127 1062 onte
1155 1003 1261 1074 volem

145 1101 305 1173 propterea
326 1096 363 1154 fit
386 1102 424 1155 ut
443 1097 535 1156 citius
557 1096 718 1156 absolvant
741 1097 775 1155 hi
796 1115 871 1175 quoa
892 1096 1000 1157 dicunt
1017 1096 1069 1156 hic
1090 1094 1263 1177 [eb]doma

145 1185 253 1246 dariou
297 1187 379 1245 Nam
401 1188 474 1246 talia
495 1187 682 1248 consuetudo
705 1189 823 1249 aethio
844 1189 1032 1266 jejuniorum
1059 1188 1094 1246 in
1122 1187 1264 1258 Quadra

145 1282 275 1358 genimis,
293 1288 329 1340 ut
350 1280 383 1340 hi
401 1301 476 1359 quos
497 1282 654 1360 appellant
675 1282 912 1355 ebdomadarioa,
934 1282 966 1342 id
988 1289 1038 1342 eat
1059 1282 1113 1360 qui
1139 1281 1265 1341 fidunt

145 1376 340 1454 septimanae,
362 1375 512 1436 dominica
533 1375 592 1450 die,
613 1378 686 1454 quia
712 1376 788 1436 hora
807 1377 918 1454 quinta
937 1378 974 1436 fit
994 1377 1095 1448 minsa,
1118 1383 1160 1436 ut
1181 1396 1265 1436 man·

146 1469 267 1528 ducent
310 1468 353 1527 Et
367 1470 617 1547 quemadmodum
630 1468 845 1548 prandiderint
858 1469 1009 1529 dominica
1028 1469 1089 1542 die,
1108 1469 1181 1548 jam
1201 1489 1265 1530 nou

145 1564 340 1637 manducant,
353 1565 412 1624 niai
423 1567 551 1625 sabbato
564 1584 661 1638 mune,
671 1585 742 1627 mox
750 1565 1039 1626 communicaverint
1052 1564 1087 1623 in
1095 1563 1265 1624 muno.

147 1658 276 1736 Propter
296 1661 378 1737 ipcoa
399 1679 479 1738 ergo,
504 1668 540 1720 ut
563 1661 655 1720 citiua
677 1660 849 1733 absolvant,
871 1667 945 1719 ante
966 1659 1029 1718 acle
1052 1659 1089 1718 fit
1110 1660 1213 1719 missa
1233 1660 1266 1717 in

146 1755 300 1813 Anastaae
324 1752 462 1814 sabbato.
505 1754 592 1825 Quod
620 1760 724 1813 autem
751 1753 825 1826 dixi,
849 1759 974 1831 propter
1001 1751 1071 1811 illoc
1097 1753 1139 1810 fit
1169 1753 1265 1811 miaaa

146 1865 245 1920 mane,
259 1865 321 1906 non
341 1848 421 1926 quod
443 1848 489 1906 illi
509 1848 566 1908 aoli
586 1849 817 1921 communicent,
831 1848 883 1908 aed
903 1865 1007 1908 omnes
1026 1849 1263 1909 communicant

147 1938 200 2016 qui
214 1939 324 1999 volunt
336 1940 441 2000 eadem
454 1940 504 2000 die
517 1941 551 2000 in
564 1942 720 2001 Anaataae
733 1940 962 2001 communicare

595 2364 622 2423 5.
649 2361 709 2422 th
731 2361 812 2423 Face,

209 2553 402 2629 Jejuniorum
419 2551 500 2610 enim
518 2550 705 2610 consuetudo
722 2549 772 2609 hic
791 2549 863 2608 talia
881 2555 930 2608 eat
951 2550 985 2608 iu
1002 2547 1270 2628 Quudmgeaimia,

148 2654 184 2706 ut
204 2649 266 2719 alii,
281 2645 532 2725 quemadmodum
552 2643 805 2703 manducaverint
824 2643 975 2703 dominica
995 2642 1044 2702 die
1064 2650 1137 2721 poet
1158 2647 1264 2719 mim,

146 2740 250 2800 idest
276 2740 351 2800 hora
377 2741 487 2818 quinta
513 2746 569 2798 aut
596 2745 692 2810 sexta,
715 2739 780 2814 jam
807 2756 870 2796 non
891 2735 1080 2796 manducent
1104 2756 1166 2813 per
1195 2746 1267 2799 tota

148 2836 326 2913 septimana,
350 2834 411 2892 niai
431 2834 560 2892 sabbato
582 2832 723 2891 veniente
746 2837 816 2908 poat
839 2831 931 2889 miaaa
955 2829 1128 2903 Anastasia,
1150 2831 1187 2890 hi
1209 2836 1265 2912 qui

148 2929 269 2988 faciunt
282 2927 473 2987 ebdomadas.
516 2926 652 2985 Sabbuto
664 2931 777 2996 autem,
799 2922 878 3001 quod
892 2922 1149 2983 manducaverint
1162 2945 1265 3000 manc,

148 3024 210 3100 jam
231 3043 286 3082 noc
307 3041 374 3082 sera
400 3020 597 3092 manducant,
618 3018 670 3078 aad
698 3017 738 3077 ud
758 3017 850 3077 aliam
870 3016 958 3090 diam,
980 3016 1079 3077 idest
1096 3016 1264 3093 dominica,

148 3116 301 3194 prandent
321 3123 390 3195 poet
411 3117 503 3174 missa
522 3113 665 3173 acclesiae
685 3112 760 3171 hora
780 3112 889 3189 quinta
909 3111 958 3170 vel
979 3111 1070 3188 plua3
1098 3118 1133 3170 ot
1155 3121 1266 3192 postea

145 3212 208 3287 jam
229 3230 292 3270 non
311 3209 497 3269 manducent
517 3208 576 3267 nisi
596 3206 724 3265 aabbato
744 3206 895 3278 veniente,
917 3206 997 3265 aicut
1017 3205 1160 3283 superius
1181 3208 1261 3272 dixi.

151 3305 346 3364 Consuetudo
365 3304 447 3363 enim
467 3302 517 3361 hic
538 3301 610 3360 talia
630 3306 677 3358 est
687 3322 696 3375 3
715 3317 829 3368 omnes,
843 3298 896 3376 qui
916 3303 998 3370 aunt,
1010 3304 1047 3358 ut
1067 3296 1116 3357 hic
1138 3299 1262 3376 dicunt,

151 3399 342 3476 Aputactite,
359 3399 417 3456 viri
430 3397 479 3456 vel
494 3395 632 3467 feminae,
646 3414 708 3453 non
717 3394 812 3452 solum
821 3392 927 3452 diebus
942 3391 1266 3471 Quadrageaimarum‚

150 3493 203 3550 aad
224 3498 257 3551 et
277 3499 345 3551 toto
357 3510 446 3562 anno,
461 3509 522 3567 qua
542 3488 739 3560 manducant,
754 3486 846 3545 semel
866 3486 899 3544 in
919 3485 969 3544 die
986 3485 1187 3547 manducant
1232 3489 1268 3548 Si

150 3586 202 3662 qui
224 3591 328 3643 autem
352 3591 427 3644 aunt
450 3583 488 3642 do
514 3583 588 3660 ipais
615 3581 822 3657 Aputactites,
848 3580 900 3657 qui
923 3598 985 3638 non
1008 3585 1139 3657 possunt
1161 3581 1268 3644 facere

149 3678 284 3755 integras
298 3679 483 3756 septimanas
501 3675 693 3755 jejuniorum,
707 3675 786 3733 sicut
807 3673 945 3752 superius
965 3672 1106 3747 diximus,
1127 3675 1164 3735 in
1185 3679 1266 3738 totis

151 3769 406 3848 Quadrageaimia‚
421 3769 454 3827 in
468 3768 567 3828 modic
580 3768 689 3846 quinta
701 3766 780 3827 ieria
793 3772 924 3841 cenant;
943 3767 997 3845 qui
1011 3772 1113 3826 autom
1127 3787 1188 3828 nec
1206 3769 1267 3832 boc

151 3867 261 3940 potest,
276 3863 425 3922 biduanas
445 3861 521 3920 facit
541 3880 596 3939 per
615 3866 699 3920 totas
713 3859 985 3937 Quadrageaimaa3
1005 3859 1059 3937 qui
1078 3865 1188 3921 autem
1207 3882 1269 3925 neo

151 3954 248 4033 ipsud,
277 3956 316 4014 dc
349 3975 417 4014 sora
442 3953 482 4014 ad
513 3972 610 4013 aeram
645 3953 842 4014 manducant.
898 3952 997 4012 Nemo
1030 3957 1136 4012 antem
1164 3957 1269 4037 exigit

151 4056 300 4130 quantum
320 4049 431 4110 debeat
450 4047 559 4119 iacere,
574 4046 627 4106 aod
648 4049 854 4127 unusquisque
868 4053 904 4107 ut
916 4052 1020 4124 potest
1039 4044 1072 4106 id
1085 4046 1190 4124 facit3
1209 4070 1268 4114 naa

150 4143 202 4202 ille
226 4142 369 4204 laudatur
393 4142 446 4220 qui
470 4141 545 4200 satia
569 4139 687 4215 iecerit,
712 4160 767 4202 nac
786 4140 839 4200 illa
855 4139 1049 4219 vituperatur
1071 4140 1124 4220 qui
1149 4145 1266 4210 minua.
