<?xml version="1.0" encoding="UTF-8"?>
<!DOCTYPE html PUBLIC "-//W3C//DTD XHTML 1.0 Transitional//EN"
    "http://www.w3.org/TR/xhtml1/DTD/xhtml1-transitional.dtd">
<html xmlns="http://www.w3.org/1999/xhtml" xml:lang="en" lang="en">
 <head>
  <title>
</title>
<meta http-equiv="Content-Type" content="text/html;charset=utf-8" />
  <meta name='ocr-system' content='tesseract 3.04.00' />
  <meta name='ocr-capabilities' content='ocr_page ocr_carea ocr_par ocr_line ocrx_word'/>
</head>
<body>
  <div class='ocr_page' id='page_1' title='image "./christianworshi01mcclgoog_0501.png"; bbox 0 0 2814 4816; ppageno 0'>
   <div class='ocr_carea' id='block_1_1' title="bbox 204 310 1214 378">
    <p class='ocr_par' dir='ltr' id='par_1_1' title="bbox 204 310 1214 378">
     <span class='ocr_line' id='line_1_1' title="bbox 204 310 1214 378; baseline 0 -3"><span class='ocrx_word' id='word_1_1' title='bbox 204 310 268 375; x_wconf 85' lang='lat'><strong>480</strong></span> <span class='ocrx_word' id='word_1_2' title='bbox 313 325 494 376; x_wconf 67' lang='lat' dir='ltr'><strong>cementa</strong></span> <span class='ocrx_word' id='word_1_3' title='bbox 515 326 685 376; x_wconf 81' lang='lat' dir='ltr'><strong>wousnrr:</strong></span> <span class='ocrx_word' id='word_1_4' title='bbox 710 327 762 377; x_wconf 73' lang='lat' dir='ltr'><strong>ire</strong></span> <span class='ocrx_word' id='word_1_5' title='bbox 783 326 902 376; x_wconf 81' lang='lat' dir='ltr'><strong>orucm</strong></span> <span class='ocrx_word' id='word_1_6' title='bbox 925 327 994 376; x_wconf 73' lang='lat' dir='ltr'><strong>aaa</strong></span> <span class='ocrx_word' id='word_1_7' title='bbox 1016 324 1214 378; x_wconf 77' lang='lat' dir='ltr'><strong>uvouunou.</strong></span> 
     </span>
    </p>
   </div>
   <div class='ocr_carea' id='block_1_2' title="bbox 201 487 1322 2439">
    <p class='ocr_par' dir='ltr' id='par_1_2' title="bbox 203 487 1321 1599">
     <span class='ocr_line' id='line_1_2' title="bbox 205 487 1320 566; baseline -0.004 -19"><span class='ocrx_word' id='word_1_8' title='bbox 205 489 340 566; x_wconf 74' lang='lat' dir='ltr'><strong>planitas</strong></span> <span class='ocrx_word' id='word_1_9' title='bbox 367 487 502 548; x_wconf 89' lang='lat' dir='ltr'><strong>induunt</strong></span> <span class='ocrx_word' id='word_1_10' title='bbox 529 489 640 566; x_wconf 85' lang='lat' dir='ltr'><strong>nigrae.</strong></span> <span class='ocrx_word' id='word_1_11' title='bbox 699 488 818 547; x_wconf 84' lang='lat' dir='ltr'>Deinde</span> <span class='ocrx_word' id='word_1_12' title='bbox 845 489 967 547; x_wconf 89' lang='lat' dir='ltr'><strong>intrant</strong></span> <span class='ocrx_word' id='word_1_13' title='bbox 990 508 1095 548; x_wconf 87' lang='lat' dir='ltr'><strong>omnes</strong></span> <span class='ocrx_word' id='word_1_14' title='bbox 1140 494 1216 546; x_wconf 91' lang='lat' dir='ltr'><strong>ante</strong></span> <span class='ocrx_word' id='word_1_15' title='bbox 1243 505 1320 562; x_wconf 92' lang='lat' dir='ltr'><strong>pon-</strong></span> 
     </span>
     <span class='ocr_line' id='line_1_3' title="bbox 204 581 1319 660; baseline -0.004 -17"><span class='ocrx_word' id='word_1_16' title='bbox 204 584 317 643; x_wconf 85' lang='lat' dir='ltr'><strong>tificem</strong></span> <span class='ocrx_word' id='word_1_17' title='bbox 362 589 395 643; x_wconf 91' lang='lat' dir='ltr'><strong>et</strong></span> <span class='ocrx_word' id='word_1_18' title='bbox 430 584 583 660; x_wconf 88' lang='lat' dir='ltr'><strong>accipiunt</strong></span> <span class='ocrx_word' id='word_1_19' title='bbox 621 584 660 642; x_wconf 91' lang='lat' dir='ltr'><strong>ab</strong></span> <span class='ocrx_word' id='word_1_20' title='bbox 697 603 734 643; x_wconf 90' lang='lat' dir='ltr'><strong>eo</strong></span> <span class='ocrx_word' id='word_1_21' title='bbox 771 583 893 660; x_wconf 78' lang='lat' dir='ltr'><strong>singula</strong></span> <span class='ocrx_word' id='word_1_22' title='bbox 929 603 1024 644; x_wconf 89' lang='lat' dir='ltr'><strong>cerea.</strong></span> <span class='ocrx_word' id='word_1_23' title='bbox 1076 581 1137 640; x_wconf 87' lang='lat' dir='ltr'><strong>Hie</strong></span> <span class='ocrx_word' id='word_1_24' title='bbox 1172 581 1319 658; x_wconf 82' lang='lat' dir='ltr'><strong>expletis,</strong></span> 
     </span>
     <span class='ocr_line' id='line_1_4' title="bbox 203 674 1319 754; baseline -0.004 -18"><span class='ocrx_word' id='word_1_25' title='bbox 203 677 327 737; x_wconf 78' lang='lat' dir='ltr'><strong>inchoat</strong></span> <span class='ocrx_word' id='word_1_26' title='bbox 358 677 439 736; x_wconf 88' lang='lat' dir='ltr'><strong>scola</strong></span> <span class='ocrx_word' id='word_1_27' title='bbox 468 676 667 753; x_wconf 70' lang='lat' dir='ltr'><strong>antiphonam</strong></span> <span class='ocrx_word' id='word_1_28' title='bbox 702 676 831 753; x_wconf 74' lang='lat' dir='ltr'><strong>Excerpe</strong></span> <span class='ocrx_word' id='word_1_29' title='bbox 860 676 991 748; x_wconf 80' lang='lat' dir='ltr'><strong>Domine,</strong></span> <span class='ocrx_word' id='word_1_30' title='bbox 1021 677 1132 754; x_wconf 72' lang='lat' dir='ltr'><strong>acly&#39;uvc</strong></span> <span class='ocrx_word' id='word_1_31' title='bbox 1166 694 1228 734; x_wconf 77' lang='lat' dir='ltr'><strong>coc.</strong></span> <span class='ocrx_word' id='word_1_32' title='bbox 1274 674 1319 732; x_wconf 87' lang='lat' dir='ltr'><strong>Et</strong></span> 
     </span>
     <span class='ocr_line' id='line_1_5' title="bbox 204 769 1321 848; baseline -0.002 -18"><span class='ocrx_word' id='word_1_33' title='bbox 204 771 288 831; x_wconf 89' lang='lat' dir='ltr'><strong>dicto</strong></span> <span class='ocrx_word' id='word_1_34' title='bbox 322 790 412 830; x_wconf 88' lang='lat' dir='ltr'><strong>versu</strong></span> <span class='ocrx_word' id='word_1_35' title='bbox 443 771 599 848; x_wconf 81' lang='lat' dir='ltr'><strong>egreditur</strong></span> <span class='ocrx_word' id='word_1_36' title='bbox 634 770 773 848; x_wconf 78' lang='lat' dir='ltr'><strong>pontifex</strong></span> <span class='ocrx_word' id='word_1_37' title='bbox 801 771 839 829; x_wconf 95' lang='lat' dir='ltr'><strong>de</strong></span> <span class='ocrx_word' id='word_1_38' title='bbox 866 772 997 830; x_wconf 87' lang='lat' dir='ltr'><strong>sacrario</strong></span> <span class='ocrx_word' id='word_1_39' title='bbox 1033 790 1101 829; x_wconf 91' lang='lat' dir='ltr'><strong>cum</strong></span> <span class='ocrx_word' id='word_1_40' title='bbox 1137 769 1321 829; x_wconf 75' lang='lat' dir='ltr'><strong>diaconibus</strong></span> 
     </span>
     <span class='ocr_line' id='line_1_6' title="bbox 204 862 1313 942; baseline -0.001 -17"><span class='ocrx_word' id='word_1_41' title='bbox 204 863 315 925; x_wconf 84' lang='lat' dir='ltr'><strong>dextra</strong></span> <span class='ocrx_word' id='word_1_42' title='bbox 342 864 470 942; x_wconf 87' lang='lat' dir='ltr'><strong>levaque</strong></span> <span class='ocrx_word' id='word_1_43' title='bbox 497 871 530 923; x_wconf 88' lang='lat' dir='ltr'><strong>et</strong></span> <span class='ocrx_word' id='word_1_44' title='bbox 563 866 673 924; x_wconf 90' lang='lat' dir='ltr'><strong>annuit</strong></span> <span class='ocrx_word' id='word_1_45' title='bbox 702 863 840 942; x_wconf 77' lang='lat' dir='ltr'><strong>pontifex</strong></span> <span class='ocrx_word' id='word_1_46' title='bbox 876 865 958 923; x_wconf 89' lang='lat' dir='ltr'><strong>scola</strong></span> <span class='ocrx_word' id='word_1_47' title='bbox 982 871 1019 923; x_wconf 90' lang='lat' dir='ltr'><strong>ut</strong></span> <span class='ocrx_word' id='word_1_48' title='bbox 1046 865 1166 924; x_wconf 86' lang='lat' dir='ltr'><strong>dicatur</strong></span> <span class='ocrx_word' id='word_1_49' title='bbox 1196 862 1313 924; x_wconf 77' lang='lat' dir='ltr'><strong>Gloria.</strong></span> 
     </span>
     <span class='ocr_line' id='line_1_7' title="bbox 207 958 1320 1030; baseline -0.001 -13"><span class='ocrx_word' id='word_1_50' title='bbox 207 958 327 1017; x_wconf 91' lang='lat' dir='ltr'><strong>Deinde</strong></span> <span class='ocrx_word' id='word_1_51' title='bbox 370 958 536 1018; x_wconf 76' lang='lat' dir='ltr'><strong>ascendens</strong></span> <span class='ocrx_word' id='word_1_52' title='bbox 569 967 643 1017; x_wconf 87' lang='lat' dir='ltr'><strong>ante</strong></span> <span class='ocrx_word' id='word_1_53' title='bbox 669 959 776 1030; x_wconf 90' lang='lat' dir='ltr'><strong>altare,</strong></span> <span class='ocrx_word' id='word_1_54' title='bbox 816 958 968 1016; x_wconf 90' lang='lat' dir='ltr'><strong>inclinans</strong></span> <span class='ocrx_word' id='word_1_55' title='bbox 1009 979 1041 1017; x_wconf 87' lang='lat' dir='ltr'><strong>ee</strong></span> <span class='ocrx_word' id='word_1_56' title='bbox 1076 958 1116 1016; x_wconf 88' lang='lat' dir='ltr'><strong>ad</strong></span> <span class='ocrx_word' id='word_1_57' title='bbox 1147 959 1320 1018; x_wconf 87' lang='lat' dir='ltr'><strong>orationem</strong></span> 
     </span>
     <span class='ocr_line' id='line_1_8' title="bbox 206 1052 1321 1130; baseline -0.002 -18"><span class='ocrx_word' id='word_1_58' title='bbox 206 1072 301 1130; x_wconf 88' lang='lat' dir='ltr'><strong>usque</strong></span> <span class='ocrx_word' id='word_1_59' title='bbox 328 1052 400 1113; x_wconf 88' lang='lat' dir='ltr'><strong>dum</strong></span> <span class='ocrx_word' id='word_1_60' title='bbox 427 1052 551 1112; x_wconf 78' lang='lat' dir='ltr'><strong>inchoat</strong></span> <span class='ocrx_word' id='word_1_61' title='bbox 588 1053 670 1111; x_wconf 86' lang='lat' dir='ltr'><strong>eccla</strong></span> <span class='ocrx_word' id='word_1_62' title='bbox 698 1072 818 1111; x_wconf 85' lang='lat' dir='ltr'><strong>versum</strong></span> <span class='ocrx_word' id='word_1_63' title='bbox 846 1053 884 1111; x_wconf 90' lang='lat' dir='ltr'><strong>ad</strong></span> <span class='ocrx_word' id='word_1_64' title='bbox 912 1053 1120 1129; x_wconf 88' lang='lat' dir='ltr'><strong>repetendum,</strong></span> <span class='ocrx_word' id='word_1_65' title='bbox 1148 1053 1250 1129; x_wconf 80' lang='lat' dir='ltr'><strong>surgit</strong></span> <span class='ocrx_word' id='word_1_66' title='bbox 1279 1054 1321 1110; x_wconf 89' lang='lat' dir='ltr'><strong>ab</strong></span> 
     </span>
     <span class='ocr_line' id='line_1_9' title="bbox 204 1146 1321 1220; baseline -0.002 -14"><span class='ocrx_word' id='word_1_67' title='bbox 204 1148 350 1220; x_wconf 80' lang='lat' dir='ltr'><strong>oratione,</strong></span> <span class='ocrx_word' id='word_1_68' title='bbox 382 1148 500 1207; x_wconf 83' lang='lat' dir='ltr'><strong>salutat</strong></span> <span class='ocrx_word' id='word_1_69' title='bbox 531 1147 629 1205; x_wconf 87' lang='lat' dir='ltr'><strong>altare</strong></span> <span class='ocrx_word' id='word_1_70' title='bbox 661 1153 694 1206; x_wconf 92' lang='lat' dir='ltr'><strong>et</strong></span> <span class='ocrx_word' id='word_1_71' title='bbox 726 1146 876 1206; x_wconf 60' lang='lat' dir='ltr'><strong>diaconilll</strong></span> <span class='ocrx_word' id='word_1_72' title='bbox 904 1147 1044 1205; x_wconf 81' lang='lat' dir='ltr'><strong>similiter</strong></span> <span class='ocrx_word' id='word_1_73' title='bbox 1072 1146 1143 1204; x_wconf 90' lang='lat' dir='ltr'><strong>hinc</strong></span> <span class='ocrx_word' id='word_1_74' title='bbox 1175 1153 1209 1204; x_wconf 86' lang='lat' dir='ltr'><strong>et</strong></span> <span class='ocrx_word' id='word_1_75' title='bbox 1236 1146 1321 1205; x_wconf 88' lang='lat' dir='ltr'><strong>inde.</strong></span> 
     </span>
     <span class='ocr_line' id='line_1_10' title="bbox 205 1237 1319 1319; baseline -0.002 -18"><span class='ocrx_word' id='word_1_76' title='bbox 205 1241 279 1319; x_wconf 88' lang='lat' dir='ltr'><strong>Ipsa</strong></span> <span class='ocrx_word' id='word_1_77' title='bbox 302 1240 470 1319; x_wconf 83' lang='lat' dir='ltr'><strong>antiphona</strong></span> <span class='ocrx_word' id='word_1_78' title='bbox 496 1241 627 1318; x_wconf 86' lang='lat' dir='ltr'><strong>expleta,</strong></span> <span class='ocrx_word' id='word_1_79' title='bbox 656 1259 718 1299; x_wconf 89' lang='lat' dir='ltr'><strong>non</strong></span> <span class='ocrx_word' id='word_1_80' title='bbox 748 1239 825 1298; x_wconf 93' lang='lat' dir='ltr'><strong>dicit</strong></span> <span class='ocrx_word' id='word_1_81' title='bbox 862 1240 943 1299; x_wconf 84' lang='lat' dir='ltr'><strong>scola</strong></span> <span class='ocrx_word' id='word_1_82' title='bbox 977 1237 1080 1317; x_wconf 70' lang='lat' dir='ltr'><strong>Uiyrfe</strong></span> <span class='ocrx_word' id='word_1_83' title='bbox 1118 1239 1233 1311; x_wconf 79' lang='lat' dir='ltr'><strong>eleieoa,</strong></span> <span class='ocrx_word' id='word_1_84' title='bbox 1263 1242 1319 1299; x_wconf 87' lang='lat' dir='ltr'><strong>sed</strong></span> 
     </span>
     <span class='ocr_line' id='line_1_11' title="bbox 204 1333 1321 1412; baseline 0 -18"><span class='ocrx_word' id='word_1_85' title='bbox 204 1334 344 1412; x_wconf 83' lang='lat' dir='ltr'><strong>pontifex</strong></span> <span class='ocrx_word' id='word_1_86' title='bbox 377 1340 464 1393; x_wconf 88' lang='lat' dir='ltr'><strong>stane</strong></span> <span class='ocrx_word' id='word_1_87' title='bbox 497 1341 572 1394; x_wconf 87' lang='lat' dir='ltr'><strong>ante</strong></span> <span class='ocrx_word' id='word_1_88' title='bbox 604 1335 703 1392; x_wconf 91' lang='lat' dir='ltr'><strong>altare</strong></span> <span class='ocrx_word' id='word_1_89' title='bbox 737 1334 814 1392; x_wconf 89' lang='lat' dir='ltr'><strong>dicit</strong></span> <span class='ocrx_word' id='word_1_90' title='bbox 848 1334 989 1394; x_wconf 68' lang='lat' dir='ltr'><strong>Dominae</strong></span> <span class='ocrx_word' id='word_1_91' title='bbox 1027 1333 1172 1405; x_wconf 58' lang='lat' dir='ltr'><strong>vobicum,</strong></span> <span class='ocrx_word' id='word_1_92' title='bbox 1206 1334 1321 1394; x_wconf 87' lang='lat' dir='ltr'><strong>deinde</strong></span> 
     </span>
     <span class='ocr_line' id='line_1_12' title="bbox 206 1425 1321 1503; baseline 0.001 -17"><span class='ocrx_word' id='word_1_93' title='bbox 206 1426 333 1498; x_wconf 81' lang='lat' dir='ltr'><strong>Oremue,</strong></span> <span class='ocrx_word' id='word_1_94' title='bbox 362 1433 395 1486; x_wconf 88' lang='lat' dir='ltr'><strong>et</strong></span> <span class='ocrx_word' id='word_1_95' title='bbox 432 1427 576 1487; x_wconf 87' lang='lat' dir='ltr'><strong>diaconus</strong></span> <span class='ocrx_word' id='word_1_96' title='bbox 611 1425 775 1486; x_wconf 65' lang='lat' dir='ltr'><strong>Electum</strong></span> <span class='ocrx_word' id='word_1_97' title='bbox 815 1446 929 1503; x_wconf 58' lang='lat' dir='ltr'><strong>penum</strong></span> <span class='ocrx_word' id='word_1_98' title='bbox 965 1433 999 1486; x_wconf 87' lang='lat' dir='ltr'><strong>et</strong></span> <span class='ocrx_word' id='word_1_99' title='bbox 1033 1426 1116 1488; x_wconf 87' lang='lat' dir='ltr'><strong>facto</strong></span> <span class='ocrx_word' id='word_1_100' title='bbox 1150 1428 1321 1488; x_wconf 87' lang='lat' dir='ltr'><strong>intervallo</strong></span> 
     </span>
     <span class='ocr_line' id='line_1_13' title="bbox 204 1519 1035 1599; baseline 0.001 -19"><span class='ocrx_word' id='word_1_101' title='bbox 204 1519 281 1580; x_wconf 89' lang='lat' dir='ltr'><strong>dicit</strong></span> <span class='ocrx_word' id='word_1_102' title='bbox 294 1522 406 1581; x_wconf 89' lang='lat' dir='ltr'><strong>iterum</strong></span> <span class='ocrx_word' id='word_1_103' title='bbox 419 1519 535 1584; x_wconf 80' lang='lat' dir='ltr'><strong>Leonte.</strong></span> <span class='ocrx_word' id='word_1_104' title='bbox 578 1521 622 1579; x_wconf 84' lang='lat' dir='ltr'><strong>Et</strong></span> <span class='ocrx_word' id='word_1_105' title='bbox 636 1521 691 1580; x_wconf 89' lang='lat' dir='ltr'><strong>dat</strong></span> <span class='ocrx_word' id='word_1_106' title='bbox 704 1520 844 1599; x_wconf 81' lang='lat' dir='ltr'><strong>pontifex</strong></span> <span class='ocrx_word' id='word_1_107' title='bbox 858 1522 1035 1582; x_wconf 86' lang='lat' dir='ltr'><strong>orationem.</strong></span> 
     </span>
    </p>

    <p class='ocr_par' dir='ltr' id='par_1_3' title="bbox 201 1613 1322 2256">
     <span class='ocr_line' id='line_1_14' title="bbox 266 1613 1321 1693; baseline 0.004 -20"><span class='ocrx_word' id='word_1_108' title='bbox 266 1613 397 1673; x_wconf 83' lang='lat' dir='ltr'><strong>Interim</strong></span> <span class='ocrx_word' id='word_1_109' title='bbox 416 1613 616 1693; x_wconf 84' lang='lat' dir='ltr'><strong>egrediuntur</strong></span> <span class='ocrx_word' id='word_1_110' title='bbox 640 1634 743 1673; x_wconf 88' lang='lat' dir='ltr'><strong>cruces</strong></span> <span class='ocrx_word' id='word_1_111' title='bbox 771 1614 859 1686; x_wconf 73' lang='lat' dir='ltr'>VII„</span> <span class='ocrx_word' id='word_1_112' title='bbox 888 1621 1051 1691; x_wconf 87' lang='lat' dir='ltr'><strong>portantur</strong></span> <span class='ocrx_word' id='word_1_113' title='bbox 1078 1617 1117 1675; x_wconf 89' lang='lat' dir='ltr'><strong>ab</strong></span> <span class='ocrx_word' id='word_1_114' title='bbox 1143 1616 1321 1677; x_wconf 88' lang='lat' dir='ltr'><strong>staurofcro</strong></span> 
     </span>
     <span class='ocr_line' id='line_1_15' title="bbox 204 1706 1322 1785; baseline 0.003 -20"><span class='ocrx_word' id='word_1_115' title='bbox 204 1707 350 1785; x_wconf 84' lang='lat' dir='ltr'><strong>permixti</strong></span> <span class='ocrx_word' id='word_1_116' title='bbox 378 1726 447 1767; x_wconf 91' lang='lat' dir='ltr'><strong>cum</strong></span> <span class='ocrx_word' id='word_1_117' title='bbox 480 1707 600 1785; x_wconf 82' lang='lat' dir='ltr'><strong>populo.</strong></span> <span class='ocrx_word' id='word_1_118' title='bbox 663 1706 783 1765; x_wconf 87' lang='lat' dir='ltr'><strong>Deinde</strong></span> <span class='ocrx_word' id='word_1_119' title='bbox 811 1708 973 1783; x_wconf 83' lang='lat' dir='ltr'><strong>presbiteri</strong></span> <span class='ocrx_word' id='word_1_120' title='bbox 1014 1709 1064 1767; x_wconf 89' lang='lat' dir='ltr'><strong>vel</strong></span> <span class='ocrx_word' id='word_1_121' title='bbox 1101 1709 1281 1768; x_wconf 86' lang='lat' dir='ltr'><strong>subdiaconi</strong></span> <span class='ocrx_word' id='word_1_122' title='bbox 1290 1709 1322 1747; x_wconf 71' lang='lat'><strong>‘¹¹‘</strong></span> 
     </span>
     <span class='ocr_line' id='line_1_16' title="bbox 204 1799 1321 1878; baseline 0.002 -18"><span class='ocrx_word' id='word_1_123' title='bbox 204 1800 314 1861; x_wconf 89' lang='lat' dir='ltr'><strong>deinde</strong></span> <span class='ocrx_word' id='word_1_124' title='bbox 336 1799 477 1878; x_wconf 78' lang='lat' dir='ltr'><strong>pontifex</strong></span> <span class='ocrx_word' id='word_1_125' title='bbox 503 1820 573 1860; x_wconf 91' lang='lat' dir='ltr'><strong>cum</strong></span> <span class='ocrx_word' id='word_1_126' title='bbox 603 1799 799 1872; x_wconf 83' lang='lat' dir='ltr'><strong>diaconibue3</strong></span> <span class='ocrx_word' id='word_1_127' title='bbox 829 1806 862 1858; x_wconf 89' lang='lat' dir='ltr'><strong>et</strong></span> <span class='ocrx_word' id='word_1_128' title='bbox 889 1801 949 1859; x_wconf 93' lang='lat' dir='ltr'><strong>duo</strong></span> <span class='ocrx_word' id='word_1_129' title='bbox 976 1820 1063 1860; x_wconf 89' lang='lat' dir='ltr'><strong>cerea</strong></span> <span class='ocrx_word' id='word_1_130' title='bbox 1089 1821 1216 1860; x_wconf 87' lang='lat' dir='ltr'><strong>accensa</strong></span> <span class='ocrx_word' id='word_1_131' title='bbox 1243 1810 1321 1863; x_wconf 91' lang='lat' dir='ltr'><strong>ante</strong></span> 
     </span>
     <span class='ocr_line' id='line_1_17' title="bbox 203 1894 1320 1972; baseline 0.002 -17"><span class='ocrx_word' id='word_1_132' title='bbox 203 1915 273 1955; x_wconf 91' lang='lat' dir='ltr'><strong>eum</strong></span> <span class='ocrx_word' id='word_1_133' title='bbox 294 1900 437 1972; x_wconf 86' lang='lat' dir='ltr'><strong>portatur</strong></span> <span class='ocrx_word' id='word_1_134' title='bbox 455 1901 488 1953; x_wconf 91' lang='lat' dir='ltr'><strong>et</strong></span> <span class='ocrx_word' id='word_1_135' title='bbox 509 1894 796 1953; x_wconf 85' lang='lat' dir='ltr'><strong>thimiamasterium</strong></span> <span class='ocrx_word' id='word_1_136' title='bbox 817 1914 836 1951; x_wconf 93' lang='lat' dir='ltr'><strong>a</strong></span> <span class='ocrx_word' id='word_1_137' title='bbox 857 1894 1041 1953; x_wconf 84' lang='lat' dir='ltr'><strong>subdiacono</strong></span> <span class='ocrx_word' id='word_1_138' title='bbox 1061 1901 1094 1954; x_wconf 92' lang='lat' dir='ltr'><strong>et</strong></span> <span class='ocrx_word' id='word_1_139' title='bbox 1114 1895 1194 1954; x_wconf 86' lang='lat' dir='ltr'><strong>duae</strong></span> <span class='ocrx_word' id='word_1_140' title='bbox 1210 1916 1320 1957; x_wconf 86' lang='lat' dir='ltr'><strong>cruces</strong></span> 
     </span>
     <span class='ocr_line' id='line_1_18' title="bbox 204 1985 1320 2067; baseline 0.003 -19"><span class='ocrx_word' id='word_1_141' title='bbox 204 1993 279 2048; x_wconf 83' lang='lat' dir='ltr'><strong>ante</strong></span> <span class='ocrx_word' id='word_1_142' title='bbox 304 1988 412 2066; x_wconf 84' lang='lat' dir='ltr'><strong>ipsum.</strong></span> <span class='ocrx_word' id='word_1_143' title='bbox 467 1985 588 2046; x_wconf 88' lang='lat' dir='ltr'><strong>Deinde</strong></span> <span class='ocrx_word' id='word_1_144' title='bbox 622 1987 817 2064; x_wconf 77' lang='lat' dir='ltr'><strong>subsequitur</strong></span> <span class='ocrx_word' id='word_1_145' title='bbox 845 1987 927 2046; x_wconf 85' lang='lat' dir='ltr'><strong>eccla</strong></span> <span class='ocrx_word' id='word_1_146' title='bbox 958 1988 1132 2066; x_wconf 86' lang='lat' dir='ltr'><strong>pontificem</strong></span> <span class='ocrx_word' id='word_1_147' title='bbox 1159 1989 1320 2067; x_wconf 87' lang='lat' dir='ltr'><strong>psallendo</strong></span> 
     </span>
     <span class='ocr_line' id='line_1_19' title="bbox 204 2080 1319 2164; baseline 0.004 -22"><span class='ocrx_word' id='word_1_148' title='bbox 204 2081 397 2160; x_wconf 85' lang='lat' dir='ltr'><strong>antiphonas.</strong></span> <span class='ocrx_word' id='word_1_149' title='bbox 446 2080 529 2141; x_wconf 90' lang='lat' dir='ltr'><strong>Dum</strong></span> <span class='ocrx_word' id='word_1_150' title='bbox 555 2081 625 2140; x_wconf 86' lang='lat' dir='ltr'><strong>finit</strong></span> <span class='ocrx_word' id='word_1_151' title='bbox 653 2081 733 2140; x_wconf 88' lang='lat' dir='ltr'><strong>scola</strong></span> <span class='ocrx_word' id='word_1_152' title='bbox 759 2080 969 2157; x_wconf 87' lang='lat' dir='ltr'><strong>antiphonam,</strong></span> <span class='ocrx_word' id='word_1_153' title='bbox 994 2083 1107 2159; x_wconf 90' lang='lat' dir='ltr'><strong>repetit</strong></span> <span class='ocrx_word' id='word_1_154' title='bbox 1133 2083 1234 2144; x_wconf 86' lang='lat' dir='ltr'><strong>clerus</strong></span> <span class='ocrx_word' id='word_1_155' title='bbox 1262 2088 1319 2164; x_wconf 86' lang='lat' dir='ltr'><strong>qui</strong></span> 
     </span>
     <span class='ocr_line' id='line_1_20' title="bbox 201 2175 552 2256; baseline 0.003 -19"><span class='ocrx_word' id='word_1_156' title='bbox 201 2176 357 2239; x_wconf 81' lang='lat' dir='ltr'><strong>antecedit</strong></span> <span class='ocrx_word' id='word_1_157' title='bbox 370 2175 552 2256; x_wconf 86' lang='lat' dir='ltr'><strong>pontificem.</strong></span> 
     </span>
    </p>

    <p class='ocr_par' dir='ltr' id='par_1_4' title="bbox 204 2258 1320 2439">
     <span class='ocr_line' id='line_1_21' title="bbox 266 2258 1319 2350; baseline 0.001 -17"><span class='ocrx_word' id='word_1_158' title='bbox 266 2272 345 2333; x_wconf 79' lang='lat' dir='ltr'><strong>Cum</strong></span> <span class='ocrx_word' id='word_1_159' title='bbox 375 2275 479 2330; x_wconf 87' lang='lat' dir='ltr'><strong>autem</strong></span> <span class='ocrx_word' id='word_1_160' title='bbox 506 2258 819 2348; x_wconf 85' lang='lat' dir='ltr'><strong>adpropinquaverint</strong></span> <span class='ocrx_word' id='word_1_161' title='bbox 847 2270 960 2329; x_wconf 87' lang='lat' dir='ltr'><strong>atrium</strong></span> <span class='ocrx_word' id='word_1_162' title='bbox 988 2275 1111 2328; x_wconf 88' lang='lat' dir='ltr'><strong>sanctae</strong></span> <span class='ocrx_word' id='word_1_163' title='bbox 1139 2270 1200 2330; x_wconf 93' lang='lat' dir='ltr'><strong>Dei</strong></span> <span class='ocrx_word' id='word_1_164' title='bbox 1225 2292 1319 2350; x_wconf 87' lang='lat' dir='ltr'><strong>gene-</strong></span> 
     </span>
     <span class='ocr_line' id='line_1_22' title="bbox 204 2361 1320 2439; baseline 0 -12"><span class='ocrx_word' id='word_1_165' title='bbox 204 2368 290 2427; x_wconf 83' lang='lat' dir='ltr'><strong>tricia</strong></span> <span class='ocrx_word' id='word_1_166' title='bbox 314 2361 501 2436; x_wconf 74' lang='lat' dir='ltr'><strong>ecclesiae,⁰¹¹‘</strong></span> <span class='ocrx_word' id='word_1_167' title='bbox 527 2363 630 2421; x_wconf 88' lang='lat' dir='ltr'><strong>innuit</strong></span> <span class='ocrx_word' id='word_1_168' title='bbox 654 2361 793 2438; x_wconf 88' lang='lat' dir='ltr'><strong>pontifex</strong></span> <span class='ocrx_word' id='word_1_169' title='bbox 817 2361 897 2421; x_wconf 87' lang='lat' dir='ltr'><strong>scola</strong></span> <span class='ocrx_word' id='word_1_170' title='bbox 921 2368 958 2421; x_wconf 91' lang='lat' dir='ltr'><strong>ut</strong></span> <span class='ocrx_word' id='word_1_171' title='bbox 981 2362 1102 2421; x_wconf 88' lang='lat' dir='ltr'><strong>dicatur</strong></span> <span class='ocrx_word' id='word_1_172' title='bbox 1125 2363 1251 2439; x_wconf 64' lang='lat' dir='ltr'><strong>letania</strong></span> <span class='ocrx_word' id='word_1_173' title='bbox 1276 2389 1320 2427; x_wconf 78' lang='lat' dir='ltr'><strong>re</strong></span> 
     </span>
    </p>
   </div>
   <div class='ocr_carea' id='block_1_3' title="bbox 205 2455 1320 2916">
    <p class='ocr_par' dir='ltr' id='par_1_5' title="bbox 205 2455 1320 2916">
     <span class='ocr_line' id='line_1_23' title="bbox 205 2455 1318 2540; baseline 0.001 -19"><span class='ocrx_word' id='word_1_174' title='bbox 205 2466 346 2540; x_wconf 86' lang='lat' dir='ltr'><strong>petentes</strong></span> <span class='ocrx_word' id='word_1_175' title='bbox 380 2465 429 2518; x_wconf 89' lang='lat' dir='ltr'><strong>ter</strong></span> <span class='ocrx_word' id='word_1_176' title='bbox 456 2456 597 2516; x_wconf 86' lang='lat' dir='ltr'><strong>vicissim.</strong></span> <span class='ocrx_word' id='word_1_177' title='bbox 654 2455 822 2532; x_wconf 81' lang='lat' dir='ltr'><strong>Postquam</strong></span> <span class='ocrx_word' id='word_1_178' title='bbox 843 2463 948 2515; x_wconf 89' lang='lat' dir='ltr'><strong>autem</strong></span> <span class='ocrx_word' id='word_1_179' title='bbox 971 2455 1143 2533; x_wconf 80' lang='lat' dir='ltr'><strong>ingreditur</strong></span> <span class='ocrx_word' id='word_1_180' title='bbox 1176 2462 1318 2536; x_wconf 85' lang='lat' dir='ltr'><strong>pontifex</strong></span> 
     </span>
     <span class='ocr_line' id='line_1_24' title="bbox 205 2548 1320 2624; baseline 0.002 -10"><span class='ocrx_word' id='word_1_181' title='bbox 205 2555 239 2614; x_wconf 93' lang='lat' dir='ltr'><strong>in</strong></span> <span class='ocrx_word' id='word_1_182' title='bbox 266 2551 398 2624; x_wconf 89' lang='lat' dir='ltr'><strong>ecclesia,</strong></span> <span class='ocrx_word' id='word_1_183' title='bbox 424 2550 511 2609; x_wconf 78' lang='lat' dir='ltr'><strong>vadit</strong></span> <span class='ocrx_word' id='word_1_184' title='bbox 532 2549 566 2608; x_wconf 91' lang='lat' dir='ltr'><strong>in</strong></span> <span class='ocrx_word' id='word_1_185' title='bbox 590 2549 723 2609; x_wconf 83' lang='lat' dir='ltr'><strong>sacrario</strong></span> <span class='ocrx_word' id='word_1_186' title='bbox 744 2569 812 2607; x_wconf 89' lang='lat' dir='ltr'><strong>cum</strong></span> <span class='ocrx_word' id='word_1_187' title='bbox 840 2548 1017 2609; x_wconf 89' lang='lat' dir='ltr'><strong>diaconibus</strong></span> <span class='ocrx_word' id='word_1_188' title='bbox 1044 2552 1107 2610; x_wconf 84' lang='lat' dir='ltr'><strong>suis</strong></span> <span class='ocrx_word' id='word_1_189' title='bbox 1134 2559 1168 2611; x_wconf 91' lang='lat' dir='ltr'><strong>et</strong></span> <span class='ocrx_word' id='word_1_190' title='bbox 1195 2561 1320 2616; x_wconf 82' lang='lat' dir='ltr'><strong>aeterua</strong></span> 
     </span>
     <span class='ocr_line' id='line_1_25' title="bbox 205 2644 1320 2722; baseline 0.002 -14"><span class='ocrx_word' id='word_1_191' title='bbox 205 2650 304 2708; x_wconf 89' lang='lat' dir='ltr'><strong>clerus</strong></span> <span class='ocrx_word' id='word_1_192' title='bbox 338 2645 425 2705; x_wconf 85' lang='lat' dir='ltr'><strong>vadit</strong></span> <span class='ocrx_word' id='word_1_193' title='bbox 458 2648 533 2703; x_wconf 89' lang='lat' dir='ltr'><strong>ante</strong></span> <span class='ocrx_word' id='word_1_194' title='bbox 562 2644 660 2702; x_wconf 85' lang='lat' dir='ltr'><strong>altare</strong></span> <span class='ocrx_word' id='word_1_195' title='bbox 691 2649 725 2701; x_wconf 93' lang='lat' dir='ltr'><strong>et</strong></span> <span class='ocrx_word' id='word_1_196' title='bbox 757 2645 941 2722; x_wconf 91' lang='lat' dir='ltr'><strong>percomplet</strong></span> <span class='ocrx_word' id='word_1_197' title='bbox 975 2645 1090 2704; x_wconf 88' lang='lat' dir='ltr'><strong>letania</strong></span> <span class='ocrx_word' id='word_1_198' title='bbox 1126 2647 1206 2707; x_wconf 79' lang='lat' dir='ltr'><strong>sicut</strong></span> <span class='ocrx_word' id='word_1_199' title='bbox 1243 2651 1320 2710; x_wconf 89' lang='lat' dir='ltr'><strong>alibi</strong></span> 
     </span>
     <span class='ocr_line' id='line_1_26' title="bbox 205 2737 1319 2821; baseline 0.004 -18"><span class='ocrx_word' id='word_1_200' title='bbox 205 2743 351 2821; x_wconf 86' lang='lat' dir='ltr'><strong>scriptum</strong></span> <span class='ocrx_word' id='word_1_201' title='bbox 385 2745 440 2801; x_wconf 87' lang='lat' dir='ltr'><strong>eet.</strong></span> <span class='ocrx_word' id='word_1_202' title='bbox 484 2738 566 2797; x_wconf 89' lang='lat' dir='ltr'><strong>Dein</strong></span> <span class='ocrx_word' id='word_1_203' title='bbox 593 2737 717 2797; x_wconf 88' lang='lat' dir='ltr'><strong>inchoat</strong></span> <span class='ocrx_word' id='word_1_204' title='bbox 743 2739 825 2798; x_wconf 90' lang='lat' dir='ltr'><strong>scola</strong></span> <span class='ocrx_word' id='word_1_205' title='bbox 851 2739 1048 2816; x_wconf 88' lang='lat' dir='ltr'><strong>antiphonam</strong></span> <span class='ocrx_word' id='word_1_206' title='bbox 1075 2741 1114 2802; x_wconf 84' lang='lat' dir='ltr'><strong>ud</strong></span> <span class='ocrx_word' id='word_1_207' title='bbox 1142 2742 1319 2807; x_wconf 91' lang='lat' dir='ltr'><strong>introitum.</strong></span> 
     </span>
     <span class='ocr_line' id='line_1_27' title="bbox 207 2832 999 2916; baseline -0.005 -17"><span class='ocrx_word' id='word_1_208' title='bbox 207 2838 250 2900; x_wconf 78' lang='lat' dir='ltr'><strong>Et</strong></span> <span class='ocrx_word' id='word_1_209' title='bbox 264 2837 330 2916; x_wconf 89' lang='lat' dir='ltr'><strong>ipsa</strong></span> <span class='ocrx_word' id='word_1_210' title='bbox 339 2836 388 2896; x_wconf 88' lang='lat' dir='ltr'><strong>die</strong></span> <span class='ocrx_word' id='word_1_211' title='bbox 402 2854 464 2895; x_wconf 94' lang='lat' dir='ltr'><strong>non</strong></span> <span class='ocrx_word' id='word_1_212' title='bbox 477 2833 619 2912; x_wconf 82' lang='lat' dir='ltr'><strong>psallitur</strong></span> <span class='ocrx_word' id='word_1_213' title='bbox 634 2832 740 2893; x_wconf 69' lang='lat' dir='ltr'><strong>Gloria</strong></span> <span class='ocrx_word' id='word_1_214' title='bbox 754 2832 784 2892; x_wconf 81' lang='lat' dir='ltr'><strong>in</strong></span> <span class='ocrx_word' id='word_1_215' title='bbox 795 2832 913 2893; x_wconf 74' lang='lat' dir='ltr'><strong>excelcis</strong></span> <span class='ocrx_word' id='word_1_216' title='bbox 927 2832 999 2895; x_wconf 87' lang='lat' dir='ltr'><strong>Deo.</strong></span> 
     </span>
    </p>
   </div>
   <div class='ocr_carea' id='block_1_4' title="bbox 647 3026 843 3209">
    <p class='ocr_par' dir='ltr' id='par_1_6' title="bbox 647 3026 843 3209">
     <span class='ocr_line' id='line_1_28' title="bbox 653 3026 843 3099; baseline 0.011 -18"><span class='ocrx_word' id='word_1_217' title='bbox 653 3026 689 3099; x_wconf 91' lang='lat' dir='ltr'><strong>(i)</strong></span> <span class='ocrx_word' id='word_1_218' title='bbox 707 3026 843 3084; x_wconf 84' lang='lat' dir='ltr'><strong>diaconus.</strong></span> 
     </span>
     <span class='ocr_line' id='line_1_29' title="bbox 647 3111 826 3209; baseline -0.006 -41"><span class='ocrx_word' id='word_1_219' title='bbox 647 3111 695 3209; x_wconf 81' lang='lat' dir='ltr'><strong>(ii)</strong></span> <span class='ocrx_word' id='word_1_220' title='bbox 712 3111 826 3168; x_wconf 87' lang='lat' dir='ltr'><strong>diaconi.</strong></span> 
     </span>
    </p>
   </div>
   <div class='ocr_carea' id='block_1_5' title="bbox 641 3197 859 3270">
    <p class='ocr_par' dir='ltr' id='par_1_7' title="bbox 641 3197 859 3270">
     <span class='ocr_line' id='line_1_30' title="bbox 641 3197 859 3270; baseline 0.009 -16"><span class='ocrx_word' id='word_1_221' title='bbox 641 3197 696 3270; x_wconf 76' lang='lat' dir='ltr'><strong>(a)</strong></span> <span class='ocrx_word' id='word_1_222' title='bbox 711 3197 859 3256; x_wconf 67' lang='lat' dir='ltr'><strong>oeream</strong></span> 
     </span>
    </p>
   </div>
   <div class='ocr_carea' id='block_1_6' title="bbox 0 0 1412 4816">
    <p class='ocr_par' dir='ltr' id='par_1_8' title="bbox 0 0 1412 4816">
     <span class='ocr_line' id='line_1_31' title="bbox 0 0 1412 4816; baseline 0 0"><span class='ocrx_word' id='word_1_223' title='bbox 0 0 1412 4816; x_wconf 95' lang='lat' dir='ltr'><strong> </strong></span> 
     </span>
    </p>
   </div>
  </div>
 </body>
</html>
