2814 4816
613 363 784 413 irrusmx.
1190 349 1253 413 463

143 533 176 588 et
189 525 300 605 accipit
313 544 379 585 eam
393 523 544 604 presbiter
557 522 597 584 de
610 543 703 584 msnu
716 525 812 604 ipsius
826 530 858 584 et
871 524 948 584 facit
962 543 1082 584 crucem
1095 524 1134 584 de
1148 530 1256 584 sancta

143 641 234 700 super
246 619 363 680 fontem
377 625 410 679 et
430 619 518 697 ponit
539 638 606 678 eam
624 619 717 679 intro.
760 619 910 678 Similiter
924 625 956 679 et
969 638 1073 679 omnes
1093 620 1255 698 presbiteri

143 715 262 775 faciant
287 713 409 793 quando
436 713 619 772 confirmant
646 713 791 791 populum
818 719 851 770 et
878 713 1039 773 confirmat
1066 714 1155 773 scola.
1213 714 1256 772 Et

144 811 217 871 dum
230 810 344 869 viderit
358 807 589 868 archidiaconus
603 806 683 884 quod
704 808 794 884 pauci
814 807 942 866 suntad
963 807 1253 880 communicandum,

144 906 255 965 annuit
268 911 305 964 ut
317 904 439 963 dicatur
452 902 532 962 scola
542 900 655 961 Gloria.
698 900 740 959 Et
752 906 898 978 repetunt
912 901 1088 961 subdiaconi
1101 901 1257 962 dimiteret

143 1000 176 1060 io
181 997 327 1078 principio
340 1004 373 1056 et
386 997 500 1073 repetit
512 996 595 1054 scola
608 994 764 1055 versum.⁰’

206 1091 326 1151 Deinde
353 1089 509 1150 descendit
531 1089 671 1167 pontifex
692 1110 712 1148 s
740 1088 811 1148 sede
832 1096 866 1149 et
889 1089 978 1149 vadit
1005 1095 1079 1148 ante
1103 1089 1257 1151 altercat

145 1192 343 1246 revertuntur
353 1190 522 1244 cereostata
535 1190 604 1261 post
618 1184 725 1261 ipsum.
769 1183 813 1242 Et
826 1184 950 1242 interim
963 1183 1072 1241 lavant
1085 1184 1257 1245 sacerdotes

146 1283 194 1341 vel
222 1280 341 1340 diaconi
368 1297 475 1336 manus
503 1298 574 1336 suas
601 1284 633 1336 et
655 1277 831 1337 oscuiantur
852 1296 885 1337 se
911 1276 1110 1355 perordinem
1135 1283 1167 1336 et
1188 1279 1256 1339 sub

145 1375 264 1435 diaconi
285 1375 319 1432 in
332 1373 427 1430 vicem
447 1371 500 1430 ubi
519 1376 613 1444 stant,
639 1370 781 1429 similiter
802 1376 835 1429 et
857 1370 938 1428 scola
958 1371 992 1428 in
1012 1371 1078 1429 loco
1101 1390 1161 1449 quo
1182 1379 1256 1434 stet.

146 1470 292 1530 Oracione
309 1467 440 1545 expleta,
455 1465 531 1525 dicit
550 1465 695 1524 diaconus
717 1463 762 1523 Ite
775 1463 863 1523 missa
877 1471 926 1537 est,
944 1483 1006 1523 non
1025 1466 1090 1542 ipse
1108 1466 1161 1543 qui
1181 1466 1258 1542 legit

146 1562 346 1639 evangelium,
360 1558 413 1618 sed
428 1557 514 1616 alius.

208 1655 328 1716 Deinde
341 1653 500 1714 descendit
520 1652 661 1732 pontifex
674 1652 714 1711 ab
735 1651 833 1711 altare
854 1658 887 1711 et
907 1652 1028 1712 diaconi
1049 1673 1116 1714 cum
1137 1655 1209 1732 ipso,
1225 1661 1258 1712 et

146 1750 323 1812 subdiaconi
336 1754 410 1807 ante
423 1767 570 1807 eumcum
583 1747 862 1806 thimismssteriun
875 1747 928 1824 qui
949 1766 1041 1825 supra
1055 1748 1186 1825 scriptus
1200 1754 1256 1822 est,

147 1865 200 1905 seu
213 1851 246 1905 et
267 1848 439 1902 cereostata
452 1848 527 1901 ante
541 1861 610 1901 eum
629 1842 669 1900 ab
690 1840 809 1900 acolitis
829 1847 996 1918 portantes.
1041 1840 1084 1899 Et
1104 1843 1257 1900 transiens

147 1958 201 2018 per
228 1937 360 1996 medium
393 1935 634 2012 praesbiterium,
663 1931 740 1992 dicit
766 1934 951 1993 subdiscono
975 1933 1014 1993 de
1040 1934 1139 1994 scola:
1172 1933 1254 2007 Jabe,

147 2033 254 2104 ἅοπιπο,
280 2028 452 2090 benedicere.
496 2027 540 2086 Et
561 2027 616 2086 det
640 2027 779 2104 pontifex
803 2028 980 2099 orationem,
1004 2033 1036 2087 et
1058 2027 1258 2105 respondetur

147 2126 248 2186 Antea.
299 2123 343 2183 Et
364 2142 431 2183 cum
452 2122 563 2181 exierit
583 2120 620 2180 de
640 2122 828 2199 presbiterio,
850 2123 962 2181 iterum
986 2121 1095 2181 dicunt
1120 2123 1257 2199 judices:

147 2219 229 2291 Jcte,
239 2218 352 2290 mmm,
361 2215 532 2278 benedicere.
576 2214 619 2274 Et
632 2215 706 2274 dete
720 2216 929 2276 benedictione
943 2216 1142 2295 respondetur
1156 2216 1257 2278 Amen.

149 2312 192 2371 Et
211 2311 369 2371 venientes
389 2308 516 2369 acolithi
536 2314 610 2368 ante
629 2309 773 2386 pontifice
793 2329 862 2369 cum
882 2316 1063 2384 coreostata,
1078 2316 1165 2371 stant
1184 2317 1258 2370 ante

147 2405 259 2466 ostium
279 2423 375 2483 usque
395 2403 468 2463 dum
489 2402 661 2480 ingreditur
681 2401 820 2480 pontifex
834 2404 1010 2478 sacrarium,
1024 2410 1057 2463 et
1071 2405 1259 2482 extinguunt

149 2519 246 2560 cerea.

209 2594 254 2654 Et
280 2592 390 2669 spoliat
418 2610 450 2651 se
483 2590 623 2669 pontifex
651 2597 684 2650 et
711 2590 864 2669 recipiunt
890 2592 1075 2652 vestimenta
1098 2614 1117 2652 a
1138 2594 1258 2656 subdis·

149 2689 282 2761 cunibus,
299 2695 332 2747 et
350 2687 408 2764 ipsi
426 2686 557 2746 tradunt
569 2704 621 2744 ees
633 2685 673 2744 ad
687 2686 894 2746 cubicularios.
937 2687 980 2745 Et
994 2688 1114 2748 diaconi
1126 2691 1259 2766 spoliant

148 2804 181 2845 se
193 2783 276 2842 foras
290 2782 457 2853 secretario,
473 2787 506 2839 et
520 2780 676 2859 accipiunt
690 2780 872 2838 vestimenta
892 2781 1025 2857 ipsorum
1038 2781 1171 2844 acholiti.
1215 2783 1258 2843 Et

147 2876 221 2938 dum
248 2874 333 2934 sedet
359 2873 507 2953 pontifex,
530 2875 616 2933 venit
635 2873 858 2932 mansionarius
880 2874 963 2952 prior
984 2874 1022 2934 de
1043 2876 1168 2935 ecclesia
1189 2897 1257 2937 cum

149 2971 242 3029 bscee
266 2974 412 3046 argentea
435 2987 504 3026 cum
527 2967 674 3044 pastillos,
697 2973 730 3026 et
757 2967 784 3025 si
810 2986 873 3026 non
893 2966 989 3026 fucrit
1013 2977 1165 3046 argentea,
1189 2990 1258 3030 cum

149 3065 261 3136 catino,
286 3067 352 3120 stat
375 3067 449 3121 ante
472 3061 663 3138 pcntificem5
684 3066 717 3119 et
739 3060 869 3119 veniunt
891 3080 946 3139 per
969 3061 1107 3122 ordinem
1129 3064 1258 3140 diaconi,

148 3157 259 3219 deiude
276 3157 465 3234 primicerius
485 3162 518 3214 et
535 3155 776 3225 secundicereus,
793 3155 846 3214 sed
857 3153 886 3193 <¹⁰
911 3162 944 3216 et
961 3156 1187 3218 vicsedominus
1209 3162 1258 3220 vel

150 3250 327 3311 subdiaconi
340 3248 376 3287 “¹¹³
397 3255 430 3308 et
450 3249 604 3327 accipiunt
618 3248 757 3326 pastillos
771 3247 809 3307 de
829 3268 923 3309 manu
936 3251 1098 3328 pontificis.
1140 3252 1259 3313 Deinde

149 3345 288 3405 miscitur
308 3343 445 3420 pontifici
466 3348 499 3400 et
519 3348 636 3400 ceteros
656 3343 887 3420 suprascriptos.
929 3344 1040 3404 Omnia
1058 3345 1187 3424 explete,
1203 3346 1260 3406 dat

149 3439 287 3519 pontifex
300 3437 469 3497 oracionem
483 3441 516 3494 et
530 3434 730 3511 egrediuntur
743 3436 780 3496 de
794 3439 933 3500 secrsrio.

211 3531 253 3589 Et
273 3530 329 3588 hoc
345 3527 426 3607 quod
439 3527 614 3586 obmisimus
629 3526 668 3585 ed
682 3530 856 3588 memoriam
870 3531 1052 3605 reducimus,
1066 3533 1098 3591 id
1119 3534 1260 3611 estquod

149 3628 176 3685 si
192 3624 332 3704 pontifex
345 3642 406 3682 non
427 3622 614 3700 processerit,
631 3620 751 3680 diaconi
771 3625 814 3682 sic
834 3625 1002 3702 procedant
1021 3627 1101 3686 sicut
1122 3629 1259 3705 superius

546 3907 577 3977 (i)
597 3921 704 3961 versum
717 3908 744 3962 ir.

541 3989 581 4059 (ii)
600 4005 629 4043 se
641 3988 734 4059 quicse
746 3988 878 4045 dominus.

536 4072 585 4144 (iii)
605 4071 792 4128 subdiaconus.
