2806 4822
140 392 203 454 540
249 407 425 455 ursmarus
452 407 621 455 wousurr:
647 405 1160 456 1rsourarsauosvouur10s.

139 571 234 628 tertia
257 570 341 642 hora,
358 571 430 648 quia
451 569 505 630 illo
525 577 660 646 tempore
677 568 819 630 Salvator
835 569 1008 629 voluntarie
1031 570 1200 630 crucifixus
1212 576 1258 628 ert

140 663 179 722 ad
204 663 365 724 salvandos
386 683 442 724 nos
464 672 501 724 ut
522 665 609 725 nobis
633 665 810 724 libertatem
833 664 1114 727 tribueret—234.
1141 664 1259 726 Deinde

139 760 233 818 etiam
255 760 329 818 hora
351 766 439 820 sexta
460 767 554 832 orate,
577 762 650 839 quia
671 761 726 820 illa
750 761 826 820 hora
852 762 996 820 universa
1023 767 1170 820 ereatura
1196 780 1259 840 per·

140 855 268 913 turbata
289 861 338 913 est
358 860 483 932 propter
501 853 620 914 iaoinus
638 856 799 915 scelestum
816 876 836 915 a
848 856 871 914 J
872 855 976 914 udaeis
992 861 1258 933 perpetratum.-

142 948 210 1007 235.
235 948 322 1007 Hora
346 966 426 1007 nona
447 949 559 1009 iterum
582 956 680 1023 orant,
703 951 775 1028 quia
801 950 857 1009 illa
884 950 958 1008 hora
982 949 1131 1009 Christus
1159 951 1259 1009 oravit

140 1047 172 1098 et
200 1042 330 1101 tradidit
356 1044 497 1120 spiritum
524 1045 558 1102 in
585 1064 694 1104 manus
723 1044 825 1103 Patris
852 1043 1022 1106 sut-236.
1050 1042 1158 1103 Etiam
1185 1043 1260 1102 hora

140 1154 201 1211 qua
232 1136 276 1193 sol
304 1136 414 1195 oceidit
441 1144 538 1210 orent,
567 1140 639 1216 quia
666 1144 714 1197 est
740 1139 901 1216 completio
927 1138 1113 1198 diet-237.
1141 1137 1260 1198 Deinde

140 1230 234 1288 etiam
247 1234 368 1309 λυχνικῷ
380 1250 503 1308 vespere
516 1239 615 1305 orent,
627 1234 698 1310 quia
711 1232 814 1292 David
828 1231 922 1295 dioit:
942 1237 960 1267 “
969 1231 1002 1290 N
1001 1237 1072 1291 oote
1086 1232 1264 1310 loquor.'’-

143 1324 209 1382 238.
238 1322 356 1382 Deinde
380 1326 472 1384 etiam
495 1326 595 1385 media
616 1334 707 1386 nocte
728 1333 827 1398 orent,
847 1328 919 1405 quia
944 1325 1047 1385 David
1069 1325 1154 1386 idem
1176 1327 1262 1386 facit.

141 1417 256 1475 Paulus
280 1424 383 1476 autem
407 1425 440 1477 et
463 1419 551 1493 Silas,
576 1421 683 1480 famuli
706 1420 830 1494 christi,
855 1425 1022 1480 oraverunt
1043 1419 1149 1479 media
1171 1428 1263 1479 noete

141 1517 174 1569 et
198 1512 402 1571 laudaverunt
419 1513 641 1576 Deum-239.
668 1515 805 1592 Obligati
827 1534 931 1574 sumus
952 1514 1048 1591 igitur
1073 1519 1112 1572 ut
1133 1515 1198 1573 Dei
1221 1534 1263 1573 re

139 1607 296 1665 condemur
322 1608 406 1666 omni
432 1608 627 1668 hora-240.
659 1608 700 1668 Et
728 1609 850 1688 quando
876 1609 945 1686 quis
978 1607 1130 1667 insomnis
1164 1628 1261 1686 supra

141 1701 254 1759 lectum
293 1703 410 1778 positus
452 1710 499 1762 est
539 1701 632 1761 debet
665 1721 753 1762 orare
786 1703 820 1761 in
853 1701 943 1760 eorde
975 1720 1038 1775 suo,
1074 1699 1135 1760 hoo
1168 1702 1260 1762 modo

140 1796 262 1855 faciens.
293 1841 300 1855 .
331 1842 338 1856 .
369 1797 489 1858 .-241.
518 1796 714 1856 Christianus
741 1798 824 1856 lavet
858 1814 967 1854 manus
1000 1794 1084 1854 omni
1120 1801 1261 1873 tempore

140 1891 261 1970 quando
282 1892 470 1950 orat—242.
494 1891 554 1961 Qui
579 1898 681 1951 autem
703 1892 823 1970 alligati
844 1897 919 1950 sunt
940 1890 1138 1949 matrimonio
1164 1910 1262 1968 quan·

140 1986 306 2063 ducumque
340 2007 359 2044 a
393 1986 489 2045 latere
522 1987 626 2045 uxoris
654 2005 776 2063 surgere
803 1985 909 2057 velint,
936 1990 1045 2044 orent:
1080 1985 1262 2062 eonjugium

140 2082 221 2138 enim
244 2099 305 2139 non
329 2080 583 2139 maculat-243.
606 2079 714 2157 Neque
734 2085 804 2158 poet
826 2079 1086 2157 regenerationem
1108 2098 1188 2157 opus
1213 2087 1262 2139 est

140 2176 269 2245 lavaero,
288 2180 414 2250 excepta
436 2173 551 2232 lotione
571 2193 726 2247 manuum,
745 2174 822 2233 nihil
843 2179 1011 2252 praeterea,
1026 2175 1100 2252 quia
1122 2173 1262 2252 Spiritus

140 2275 264 2327 sanetus
277 2268 423 2327 odoratur
437 2287 544 2345 eorpus
558 2266 657 2327 fidelis
671 2268 762 2347 idque
775 2274 876 2328 totum
889 2273 1009 2346 purgat.

203 2363 271 2420 244.
294 2361 391 2421 Curet
418 2362 514 2439 igitur
541 2362 670 2440 quilibet
696 2368 734 2420 ut
760 2362 902 2439 diligenti
928 2360 1031 2421 studio
1056 2366 1129 2419 oret
1157 2361 1263 2422 medis

142 2463 238 2528 noete,
260 2457 331 2533 quia
352 2462 456 2533 patres
480 2457 578 2514 nostri
601 2456 748 2515 dixerunt
770 2456 824 2515 illa
846 2455 922 2516 hora
943 2475 1061 2515 omnem
1084 2463 1264 2516 creaturam

141 2551 180 2610 ud
208 2551 366 2609 servitium
393 2550 507 2627 gloriae
535 2550 657 2609 divinae
683 2551 794 2627 parari,
817 2550 996 2628 ordinesque
1017 2550 1202 2626 angelorum
1231 2560 1263 2610 et

141 2646 258 2703 anirnus
285 2646 437 2719 justorum
465 2644 642 2703 benedicere
670 2644 746 2715 Deo,
768 2645 840 2722 quia
867 2650 1002 2703 testatur
1031 2642 1190 2705 Dominus
1220 2647 1265 2705 di·

142 2741 244 2816 oitque
266 2738 304 2797 de
328 2737 402 2797 hoe:
433 2737 565 2796 “Media
587 2743 690 2796 autem
714 2742 803 2796 noote
825 2737 937 2797 elamor
957 2737 1061 2798 faetus
1084 2744 1153 2799 est:
1183 2739 1264 2800 Ecce

142 2852 269 2910 sponsus
283 2833 377 2905 venit,
392 2833 475 2891 exite
488 2833 609 2891 obviam
624 2832 679 2891 ei.’'

204 2928 271 2986 245.
295 2926 390 2986 Porro
417 2933 519 2985 autem
548 2932 684 3003 ternpore
711 2945 770 3002 quo
797 2926 881 2984 canit
907 2925 1014 3002 gallus,
1045 2926 1263 2989 instituendae

142 3028 215 3079 sunt
234 3022 387 3079 orationes
406 3020 439 3079 in
458 3020 597 3091 eeclesiis,
613 3020 685 3096 quia
705 3019 854 3078 Dominus
873 3018 966 3080 dicit:
988 3025 1007 3053 ‘¹
1017 3018 1166 3096 Vigilate,
1187 3024 1261 3099 quia

143 3114 267 3173 nescitis
291 3134 350 3192 qua
372 3113 447 3173 hora
472 3112 568 3171 Filius
591 3112 721 3171 hominis
739 3119 888 3172 venturus
910 3112 978 3185 sit‚¹’
995 3131 1036 3171 an
1054 3112 1131 3190 galli
1151 3122 1258 3187 eantu,

143 3230 182 3268 an
196 3228 292 3267 mane.

205 3303 272 3361 246.
295 3302 360 3360 Nos
379 3307 481 3360 autem
506 3320 568 3359 una
590 3320 658 3358 oum
677 3298 900 3358 catechumenis
919 3298 1049 3358 invicem
1064 3299 1257 3360 instruamus

142 3397 339 3472 nosmetipsos
362 3394 399 3453 de
422 3394 548 3452 servitio
573 3392 653 3466 Dei;
673 3399 749 3451 tuno
770 3391 931 3451 daemones
954 3411 1017 3451 non
1038 3400 1168 3469 possunt
1188 3414 1260 3455 oon-

142 3493 267 3550 tru'stare
282 3510 336 3548 nos
350 3487 473 3567 quando
485 3488 518 3545 in
531 3488 614 3547 omni
627 3488 763 3546 oratione
777 3483 969 3545 recordamur
985 3483 1111 3549 Christi.

206 3587 273 3645 247.
297 3584 391 3660 Signa
404 3582 537 3642 frontem
551 3588 637 3639 tuum
651 3581 738 3657 signo
751 3581 848 3638 crucis
861 3579 899 3639 ad
914 3577 1097 3637 vincendum
1108 3578 1262 3641 satanam

142 3687 174 3738 ut
198 3679 237 3737 ud
262 3676 453 3755 gloriandum
474 3682 598 3754 propter
613 3675 704 3735 fidem
721 3673 928 3733 tuam-248.
951 3672 1020 3731 Hoo
1039 3672 1116 3732 leoit
1135 3673 1263 3752 Moyses

143 3775 181 3831 de
209 3774 357 3849 sunguine
386 3773 469 3849 Agni
497 3791 586 3848 quern
614 3769 713 3828 illevit
740 3768 1022 3846 superliminaribus
1049 3773 1081 3825 et
1116 3770 1262 3845 postibus

143 3872 315 3946 januarum,
343 3888 403 3946 qua
429 3886 463 3926 re
490 3867 606 3925 laetum
634 3871 681 3923 est
708 3871 745 3922 ut
768 3869 951 3922 sanarentur
973 3860 1152 3920 habitantes
1175 3864 1264 3924 intra

144 3963 320 4024 ills-249.
342 3962 467 4031 Quanto
484 3961 580 4036 magis
598 3957 773 4037 purificabit
789 3963 821 4017 et
839 3954 989 4015 custodiet
1002 3956 1128 4032 sanguis
1143 3954 1264 4017 Christi

146 4078 196 4118 eos
221 4059 273 4135 qui
297 4056 425 4117 credunt
447 4056 480 4114 in
501 4073 570 4114 eum
593 4060 625 4113 et
648 4054 796 4131 effingunt
818 4050 1033 4129 redemptionis
1057 4052 1157 4110 totius
1178 4052 1263 4111 orbis
