<?xml version="1.0" encoding="UTF-8"?>
<!DOCTYPE html PUBLIC "-//W3C//DTD XHTML 1.0 Transitional//EN"
    "http://www.w3.org/TR/xhtml1/DTD/xhtml1-transitional.dtd">
<html xmlns="http://www.w3.org/1999/xhtml" xml:lang="en" lang="en">
 <head>
  <title>
</title>
<meta http-equiv="Content-Type" content="text/html;charset=utf-8" />
  <meta name='ocr-system' content='tesseract 3.04.00' />
  <meta name='ocr-capabilities' content='ocr_page ocr_carea ocr_par ocr_line ocrx_word'/>
</head>
<body>
  <div class='ocr_page' id='page_1' title='image "./christianworshi01mcclgoog_0551.png"; bbox 0 0 2806 4822; ppageno 0'>
   <div class='ocr_carea' id='block_1_1' title="bbox 138 333 1151 399">
    <p class='ocr_par' dir='ltr' id='par_1_1' title="bbox 138 333 1151 399">
     <span class='ocr_line' id='line_1_1' title="bbox 138 333 1151 399; baseline -0.001 0"><span class='ocrx_word' id='word_1_1' title='bbox 138 333 202 399; x_wconf 81' lang='lat'><strong>530</strong></span> <span class='ocrx_word' id='word_1_2' title='bbox 246 346 427 399; x_wconf 71' lang='lat' dir='ltr'><strong>oneremur</strong></span> <span class='ocrx_word' id='word_1_3' title='bbox 448 345 618 397; x_wconf 72' lang='lat' dir='ltr'><strong>roesam</strong></span> <span class='ocrx_word' id='word_1_4' title='bbox 641 346 694 397; x_wconf 86' lang='lat' dir='ltr'><strong>rrs</strong></span> <span class='ocrx_word' id='word_1_5' title='bbox 716 343 834 399; x_wconf 80' lang='lat' dir='ltr'><strong>aarum</strong></span> <span class='ocrx_word' id='word_1_6' title='bbox 855 344 926 398; x_wconf 71' lang='lat' dir='ltr'><strong>arn</strong></span> <span class='ocrx_word' id='word_1_7' title='bbox 948 343 1151 399; x_wconf 80' lang='lat' dir='ltr'><strong>rvouurrou.</strong></span> 
     </span>
    </p>
   </div>
   <div class='ocr_carea' id='block_1_2' title="bbox 140 504 1263 4044">
    <p class='ocr_par' dir='ltr' id='par_1_2' title="bbox 140 504 1261 3198">
     <span class='ocr_line' id='line_1_2' title="bbox 140 504 1258 584; baseline 0 -18"><span class='ocrx_word' id='word_1_8' title='bbox 140 525 286 584; x_wconf 86' lang='lat' dir='ltr'><strong>pugnare,</strong></span> <span class='ocrx_word' id='word_1_9' title='bbox 311 512 446 565; x_wconf 87' lang='lat' dir='ltr'><strong>ceterum</strong></span> <span class='ocrx_word' id='word_1_10' title='bbox 473 512 577 564; x_wconf 90' lang='lat' dir='ltr'><strong>autem</strong></span> <span class='ocrx_word' id='word_1_11' title='bbox 604 504 644 563; x_wconf 90' lang='lat' dir='ltr'><strong>ab</strong></span> <span class='ocrx_word' id='word_1_12' title='bbox 667 505 750 564; x_wconf 91' lang='lat' dir='ltr'><strong>omni</strong></span> <span class='ocrx_word' id='word_1_13' title='bbox 777 505 858 563; x_wconf 91' lang='lat' dir='ltr'><strong>mala</strong></span> <span class='ocrx_word' id='word_1_14' title='bbox 885 505 1007 584; x_wconf 76' lang='lat' dir='ltr'>loquela</span> <span class='ocrx_word' id='word_1_15' title='bbox 1034 507 1258 566; x_wconf 88' lang='lat' dir='ltr'><strong>abstinuerunt</strong></span> 
     </span>
     <span class='ocr_line' id='line_1_3' title="bbox 141 598 1257 679; baseline -0.002 -18"><span class='ocrx_word' id='word_1_16' title='bbox 141 621 239 679; x_wconf 89' lang='lat' dir='ltr'><strong>neque</strong></span> <span class='ocrx_word' id='word_1_17' title='bbox 253 620 377 660; x_wconf 87' lang='lat' dir='ltr'><strong>coronae</strong></span> <span class='ocrx_word' id='word_1_18' title='bbox 390 600 542 676; x_wconf 74' lang='lat' dir='ltr'><strong>capitibus</strong></span> <span class='ocrx_word' id='word_1_19' title='bbox 556 598 774 676; x_wconf 87' lang='lat' dir='ltr'><strong>imposuerunt,</strong></span> <span class='ocrx_word' id='word_1_20' title='bbox 789 617 878 658; x_wconf 91' lang='lat' dir='ltr'><strong>omne</strong></span> <span class='ocrx_word' id='word_1_21' title='bbox 892 599 1013 677; x_wconf 88' lang='lat' dir='ltr'><strong>signum</strong></span> <span class='ocrx_word' id='word_1_22' title='bbox 1026 605 1136 659; x_wconf 87' lang='lat' dir='ltr'><strong>eutem</strong></span> <span class='ocrx_word' id='word_1_23' title='bbox 1149 598 1257 678; x_wconf 84' lang='lat' dir='ltr'><strong>adepti</strong></span> 
     </span>
     <span class='ocr_line' id='line_1_4' title="bbox 140 690 1257 771; baseline 0.001 -19"><span class='ocrx_word' id='word_1_24' title='bbox 140 701 224 756; x_wconf 88' lang='lat' dir='ltr'><strong>sunt.</strong></span> <span class='ocrx_word' id='word_1_25' title='bbox 246 739 254 752; x_wconf 92' lang='lat'><strong>.</strong></span> <span class='ocrx_word' id='word_1_26' title='bbox 278 737 285 752; x_wconf 90' lang='lat'><strong>.</strong></span> <span class='ocrx_word' id='word_1_27' title='bbox 309 692 408 752; x_wconf 84' lang='lat'><strong>.-73.</strong></span> <span class='ocrx_word' id='word_1_28' title='bbox 430 691 538 752; x_wconf 90' lang='lat' dir='ltr'><strong>Omnis</strong></span> <span class='ocrx_word' id='word_1_29' title='bbox 551 697 655 750; x_wconf 87' lang='lat' dir='ltr'><strong>autem</strong></span> <span class='ocrx_word' id='word_1_30' title='bbox 668 690 758 749; x_wconf 94' lang='lat' dir='ltr'><strong>homo</strong></span> <span class='ocrx_word' id='word_1_31' title='bbox 771 692 825 770; x_wconf 93' lang='lat' dir='ltr'><strong>qui</strong></span> <span class='ocrx_word' id='word_1_32' title='bbox 838 691 878 752; x_wconf 85' lang='lat' dir='ltr'><strong>ad</strong></span> <span class='ocrx_word' id='word_1_33' title='bbox 891 692 1020 769; x_wconf 85' lang='lat' dir='ltr'><strong>gradum</strong></span> <span class='ocrx_word' id='word_1_34' title='bbox 1040 692 1257 771; x_wconf 76' lang='lat' dir='ltr'><strong>praefecturae</strong></span> 
     </span>
     <span class='ocr_line' id='line_1_5' title="bbox 141 784 1257 866; baseline 0.001 -22"><span class='ocrx_word' id='word_1_35' title='bbox 141 788 189 845; x_wconf 94' lang='lat' dir='ltr'><strong>vel</strong></span> <span class='ocrx_word' id='word_1_36' title='bbox 216 786 449 864; x_wconf 69' lang='lat' dir='ltr'><strong>praecedentiae</strong></span> <span class='ocrx_word' id='word_1_37' title='bbox 471 785 519 844; x_wconf 90' lang='lat' dir='ltr'><strong>vel</strong></span> <span class='ocrx_word' id='word_1_38' title='bbox 546 785 708 863; x_wconf 86' lang='lat' dir='ltr'><strong>potcstatis</strong></span> <span class='ocrx_word' id='word_1_39' title='bbox 736 784 883 858; x_wconf 89' lang='lat' dir='ltr'><strong>elevatus,</strong></span> <span class='ocrx_word' id='word_1_40' title='bbox 905 793 1088 846; x_wconf 86' lang='lat' dir='ltr'><strong>ornamento</strong></span> <span class='ocrx_word' id='word_1_41' title='bbox 1112 786 1257 866; x_wconf 82' lang='lat' dir='ltr'><strong>justitiae</strong></span> 
     </span>
     <span class='ocr_line' id='line_1_6' title="bbox 140 877 1257 959; baseline -0.002 -19"><span class='ocrx_word' id='word_1_42' title='bbox 140 880 222 959; x_wconf 91' lang='lat' dir='ltr'><strong>quod</strong></span> <span class='ocrx_word' id='word_1_43' title='bbox 236 888 284 939; x_wconf 86' lang='lat' dir='ltr'><strong>est</strong></span> <span class='ocrx_word' id='word_1_44' title='bbox 297 878 464 938; x_wconf 90' lang='lat' dir='ltr'><strong>secundum</strong></span> <span class='ocrx_word' id='word_1_45' title='bbox 483 877 683 955; x_wconf 82' lang='lat' dir='ltr'><strong>Evangelium</strong></span> <span class='ocrx_word' id='word_1_46' title='bbox 703 896 765 936; x_wconf 92' lang='lat' dir='ltr'><strong>non</strong></span> <span class='ocrx_word' id='word_1_47' title='bbox 785 877 935 952; x_wconf 90' lang='lat' dir='ltr'><strong>induitur,</strong></span> <span class='ocrx_word' id='word_1_48' title='bbox 949 878 998 938; x_wconf 84' lang='lat' dir='ltr'><strong>bic</strong></span> <span class='ocrx_word' id='word_1_49' title='bbox 1012 900 1031 938; x_wconf 91' lang='lat' dir='ltr'><strong>a</strong></span> <span class='ocrx_word' id='word_1_50' title='bbox 1044 898 1139 957; x_wconf 90' lang='lat' dir='ltr'><strong>grege</strong></span> <span class='ocrx_word' id='word_1_51' title='bbox 1159 898 1257 958; x_wconf 83' lang='lat' dir='ltr'><strong>segre</strong></span> 
     </span>
     <span class='ocr_line' id='line_1_7' title="bbox 140 970 1256 1051; baseline 0.001 -18"><span class='ocrx_word' id='word_1_52' title='bbox 140 980 239 1051; x_wconf 87' lang='lat' dir='ltr'><strong>getur,</strong></span> <span class='ocrx_word' id='word_1_53' title='bbox 262 992 339 1032; x_wconf 86' lang='lat' dir='ltr'><strong>neve</strong></span> <span class='ocrx_word' id='word_1_54' title='bbox 360 973 517 1049; x_wconf 89' lang='lat' dir='ltr'><strong>episcopus</strong></span> <span class='ocrx_word' id='word_1_55' title='bbox 539 991 640 1030; x_wconf 87' lang='lat' dir='ltr'><strong>coram</strong></span> <span class='ocrx_word' id='word_1_56' title='bbox 662 970 716 1030; x_wconf 92' lang='lat' dir='ltr'><strong>illo</strong></span> <span class='ocrx_word' id='word_1_57' title='bbox 737 971 903 1032; x_wconf 81' lang='lat' dir='ltr'><strong>oret—74.</strong></span> <span class='ocrx_word' id='word_1_58' title='bbox 927 972 1124 1034; x_wconf 71' lang='lat' dir='ltr'><strong>Christianus</strong></span> <span class='ocrx_word' id='word_1_59' title='bbox 1145 994 1187 1034; x_wconf 92' lang='lat' dir='ltr'><strong>ne</strong></span> <span class='ocrx_word' id='word_1_60' title='bbox 1200 977 1256 1033; x_wconf 83' lang='lat' dir='ltr'><strong>fiat</strong></span> 
     </span>
     <span class='ocr_line' id='line_1_8' title="bbox 140 1064 1254 1145; baseline 0.001 -19"><span class='ocrx_word' id='word_1_61' title='bbox 140 1068 262 1145; x_wconf 89' lang='lat' dir='ltr'><strong>propria</strong></span> <span class='ocrx_word' id='word_1_62' title='bbox 276 1065 438 1125; x_wconf 90' lang='lat' dir='ltr'><strong>voluntate</strong></span> <span class='ocrx_word' id='word_1_63' title='bbox 451 1065 537 1123; x_wconf 90' lang='lat' dir='ltr'><strong>miles</strong></span> <span class='ocrx_word' id='word_1_64' title='bbox 551 1065 611 1123; x_wconf 89' lang='lat' dir='ltr'><strong>nisi</strong></span> <span class='ocrx_word' id='word_1_65' title='bbox 624 1065 667 1122; x_wconf 92' lang='lat' dir='ltr'><strong>sit</strong></span> <span class='ocrx_word' id='word_1_66' title='bbox 681 1070 802 1124; x_wconf 87' lang='lat' dir='ltr'><strong>coaetus</strong></span> <span class='ocrx_word' id='word_1_67' title='bbox 815 1085 834 1123; x_wconf 91' lang='lat' dir='ltr'><strong>a</strong></span> <span class='ocrx_word' id='word_1_68' title='bbox 844 1064 929 1126; x_wconf 86' lang='lat' dir='ltr'><strong>duce</strong></span> <span class='ocrx_word' id='word_1_69' title='bbox 966 1065 1094 1125; x_wconf 89' lang='lat' dir='ltr'><strong>Habeat</strong></span> <span class='ocrx_word' id='word_1_70' title='bbox 1106 1068 1254 1145; x_wconf 87' lang='lat' dir='ltr'><strong>gladium,</strong></span> 
     </span>
     <span class='ocr_line' id='line_1_9' title="bbox 141 1157 1255 1235; baseline 0 -15"><span class='ocrx_word' id='word_1_71' title='bbox 141 1166 248 1220; x_wconf 88' lang='lat' dir='ltr'><strong>caveat</strong></span> <span class='ocrx_word' id='word_1_72' title='bbox 274 1165 380 1218; x_wconf 88' lang='lat' dir='ltr'><strong>tamen</strong></span> <span class='ocrx_word' id='word_1_73' title='bbox 406 1177 445 1216; x_wconf 93' lang='lat' dir='ltr'><strong>ne</strong></span> <span class='ocrx_word' id='word_1_74' title='bbox 473 1157 607 1217; x_wconf 90' lang='lat' dir='ltr'><strong>criminis</strong></span> <span class='ocrx_word' id='word_1_75' title='bbox 634 1159 792 1235; x_wconf 87' lang='lat' dir='ltr'><strong>sanguinis</strong></span> <span class='ocrx_word' id='word_1_76' title='bbox 819 1158 907 1218; x_wconf 82' lang='lat' dir='ltr'><strong>effusi</strong></span> <span class='ocrx_word' id='word_1_77' title='bbox 934 1160 989 1218; x_wconf 84' lang='lat' dir='ltr'><strong>fiat</strong></span> <span class='ocrx_word' id='word_1_78' title='bbox 1016 1162 1193 1223; x_wconf 78' lang='lat' dir='ltr'><strong>reus-75.</strong></span> <span class='ocrx_word' id='word_1_79' title='bbox 1223 1162 1255 1221; x_wconf 83' lang='lat' dir='ltr'><strong>Si</strong></span> 
     </span>
     <span class='ocr_line' id='line_1_10' title="bbox 141 1250 1256 1332; baseline 0.002 -20"><span class='ocrx_word' id='word_1_80' title='bbox 141 1259 328 1330; x_wconf 89' lang='lat' dir='ltr'><strong>compertum</strong></span> <span class='ocrx_word' id='word_1_81' title='bbox 350 1258 398 1310; x_wconf 88' lang='lat' dir='ltr'><strong>est</strong></span> <span class='ocrx_word' id='word_1_82' title='bbox 418 1252 598 1328; x_wconf 85' lang='lat' dir='ltr'><strong>sanguinem</strong></span> <span class='ocrx_word' id='word_1_83' title='bbox 619 1250 660 1309; x_wconf 88' lang='lat' dir='ltr'><strong>ab</strong></span> <span class='ocrx_word' id='word_1_84' title='bbox 683 1271 718 1311; x_wconf 90' lang='lat' dir='ltr'><strong>eo</strong></span> <span class='ocrx_word' id='word_1_85' title='bbox 740 1271 805 1312; x_wconf 87' lang='lat' dir='ltr'><strong>esse</strong></span> <span class='ocrx_word' id='word_1_86' title='bbox 825 1253 962 1325; x_wconf 83' lang='lat' dir='ltr'><strong>effirsum,</strong></span> <span class='ocrx_word' id='word_1_87' title='bbox 977 1273 996 1310; x_wconf 91' lang='lat' dir='ltr'><strong>a</strong></span> <span class='ocrx_word' id='word_1_88' title='bbox 1016 1255 1256 1332; x_wconf 71' lang='lat' dir='ltr'><strong>participatione</strong></span> 
     </span>
     <span class='ocr_line' id='line_1_11' title="bbox 141 1343 1255 1424; baseline 0 -18"><span class='ocrx_word' id='word_1_89' title='bbox 141 1347 356 1424; x_wconf 82' lang='lat' dir='ltr'><strong>mysteriorum</strong></span> <span class='ocrx_word' id='word_1_90' title='bbox 377 1345 541 1415; x_wconf 89' lang='lat' dir='ltr'><strong>abstineat,</strong></span> <span class='ocrx_word' id='word_1_91' title='bbox 566 1344 625 1402; x_wconf 86' lang='lat' dir='ltr'><strong>nisi</strong></span> <span class='ocrx_word' id='word_1_92' title='bbox 648 1343 728 1403; x_wconf 77' lang='lat' dir='ltr'><strong>forte</strong></span> <span class='ocrx_word' id='word_1_93' title='bbox 749 1344 897 1421; x_wconf 88' lang='lat' dir='ltr'><strong>singulari</strong></span> <span class='ocrx_word' id='word_1_94' title='bbox 918 1347 1114 1405; x_wconf 75' lang='lat' dir='ltr'><strong>conversione</strong></span> <span class='ocrx_word' id='word_1_95' title='bbox 1136 1366 1255 1407; x_wconf 88' lang='lat' dir='ltr'><strong>morum</strong></span> 
     </span>
     <span class='ocr_line' id='line_1_12' title="bbox 142 1437 1257 1518; baseline 0.001 -20"><span class='ocrx_word' id='word_1_96' title='bbox 142 1460 210 1499; x_wconf 88' lang='lat' dir='ltr'><strong>cum</strong></span> <span class='ocrx_word' id='word_1_97' title='bbox 232 1438 365 1497; x_wconf 78' lang='lat' dir='ltr'><strong>lacrimis</strong></span> <span class='ocrx_word' id='word_1_98' title='bbox 386 1444 419 1496; x_wconf 90' lang='lat' dir='ltr'><strong>et</strong></span> <span class='ocrx_word' id='word_1_99' title='bbox 440 1437 568 1515; x_wconf 89' lang='lat' dir='ltr'><strong>planctu</strong></span> <span class='ocrx_word' id='word_1_100' title='bbox 590 1445 743 1497; x_wconf 89' lang='lat' dir='ltr'><strong>correctus</strong></span> <span class='ocrx_word' id='word_1_101' title='bbox 765 1439 832 1496; x_wconf 91' lang='lat' dir='ltr'><strong>erit.</strong></span> <span class='ocrx_word' id='word_1_102' title='bbox 876 1437 1029 1498; x_wconf 77' lang='lat' dir='ltr'><strong>Attamen</strong></span> <span class='ocrx_word' id='word_1_103' title='bbox 1050 1440 1117 1518; x_wconf 88' lang='lat' dir='ltr'><strong>ejus</strong></span> <span class='ocrx_word' id='word_1_104' title='bbox 1140 1440 1257 1500; x_wconf 90' lang='lat' dir='ltr'><strong>donum</strong></span> 
     </span>
     <span class='ocr_line' id='line_1_13' title="bbox 142 1530 1257 1614; baseline 0.001 -22"><span class='ocrx_word' id='word_1_105' title='bbox 142 1552 181 1592; x_wconf 92' lang='lat' dir='ltr'><strong>ne</strong></span> <span class='ocrx_word' id='word_1_106' title='bbox 207 1532 249 1590; x_wconf 89' lang='lat' dir='ltr'><strong>sit</strong></span> <span class='ocrx_word' id='word_1_107' title='bbox 276 1532 391 1602; x_wconf 88' lang='lat' dir='ltr'><strong>fictum,</strong></span> <span class='ocrx_word' id='word_1_108' title='bbox 420 1530 473 1589; x_wconf 88' lang='lat' dir='ltr'><strong>sed</strong></span> <span class='ocrx_word' id='word_1_109' title='bbox 500 1549 569 1588; x_wconf 90' lang='lat' dir='ltr'><strong>cum</strong></span> <span class='ocrx_word' id='word_1_110' title='bbox 596 1531 705 1590; x_wconf 90' lang='lat' dir='ltr'><strong>timore</strong></span> <span class='ocrx_word' id='word_1_111' title='bbox 734 1530 861 1590; x_wconf 79' lang='lat' dir='ltr'><strong>Dei—7</strong></span> <span class='ocrx_word' id='word_1_112' title='bbox 865 1531 891 1591; x_wconf 86' lang='lat'><strong>6.</strong></span> <span class='ocrx_word' id='word_1_113' title='bbox 914 1531 1095 1592; x_wconf 85' lang='lat' dir='ltr'><strong>Fornicatcr</strong></span> <span class='ocrx_word' id='word_1_114' title='bbox 1121 1535 1174 1593; x_wconf 86' lang='lat' dir='ltr'><strong>vel</strong></span> <span class='ocrx_word' id='word_1_115' title='bbox 1203 1537 1257 1614; x_wconf 89' lang='lat' dir='ltr'><strong>qui</strong></span> 
     </span>
     <span class='ocr_line' id='line_1_14' title="bbox 142 1623 1257 1703; baseline 0.004 -21"><span class='ocrx_word' id='word_1_116' title='bbox 142 1630 283 1702; x_wconf 87' lang='lat' dir='ltr'><strong>questum</strong></span> <span class='ocrx_word' id='word_1_117' title='bbox 306 1642 345 1681; x_wconf 88' lang='lat' dir='ltr'><strong>ex</strong></span> <span class='ocrx_word' id='word_1_118' title='bbox 368 1623 569 1682; x_wconf 78' lang='lat' dir='ltr'><strong>fornicatione</strong></span> <span class='ocrx_word' id='word_1_119' title='bbox 590 1624 720 1700; x_wconf 85' lang='lat' dir='ltr'><strong>quaerit,</strong></span> <span class='ocrx_word' id='word_1_120' title='bbox 735 1623 783 1682; x_wconf 89' lang='lat' dir='ltr'><strong>vel</strong></span> <span class='ocrx_word' id='word_1_121' title='bbox 804 1623 957 1696; x_wconf 75' lang='lat' dir='ltr'><strong>cinaedus,</strong></span> <span class='ocrx_word' id='word_1_122' title='bbox 978 1625 1128 1703; x_wconf 88' lang='lat' dir='ltr'><strong>imprimis</strong></span> <span class='ocrx_word' id='word_1_123' title='bbox 1150 1633 1257 1686; x_wconf 91' lang='lat' dir='ltr'><strong>autem</strong></span> 
     </span>
     <span class='ocr_line' id='line_1_15' title="bbox 142 1720 1258 1803; baseline 0.002 -22"><span class='ocrx_word' id='word_1_124' title='bbox 142 1724 195 1801; x_wconf 91' lang='lat' dir='ltr'><strong>qui</strong></span> <span class='ocrx_word' id='word_1_125' title='bbox 210 1720 368 1780; x_wconf 90' lang='lat' dir='ltr'><strong>mendacia</strong></span> <span class='ocrx_word' id='word_1_126' title='bbox 381 1720 467 1793; x_wconf 92' lang='lat' dir='ltr'><strong>dicit,</strong></span> <span class='ocrx_word' id='word_1_127' title='bbox 482 1720 592 1781; x_wconf 89' lang='lat' dir='ltr'><strong>deinde</strong></span> <span class='ocrx_word' id='word_1_128' title='bbox 612 1723 710 1780; x_wconf 90' lang='lat' dir='ltr'><strong>omnis</strong></span> <span class='ocrx_word' id='word_1_129' title='bbox 730 1741 829 1781; x_wconf 87' lang='lat' dir='ltr'><strong>socors</strong></span> <span class='ocrx_word' id='word_1_130' title='bbox 848 1722 896 1780; x_wconf 91' lang='lat' dir='ltr'><strong>vel</strong></span> <span class='ocrx_word' id='word_1_131' title='bbox 918 1723 1064 1798; x_wconf 61' lang='lat' dir='ltr'><strong>clusionis</strong></span> <span class='ocrx_word' id='word_1_132' title='bbox 1080 1724 1130 1782; x_wconf 90' lang='lat' dir='ltr'><strong>vel</strong></span> <span class='ocrx_word' id='word_1_133' title='bbox 1150 1745 1258 1803; x_wconf 84' lang='lat' dir='ltr'><strong>magus</strong></span> 
     </span>
     <span class='ocr_line' id='line_1_16' title="bbox 143 1813 1257 1895; baseline 0.005 -24"><span class='ocrx_word' id='word_1_134' title='bbox 143 1816 191 1874; x_wconf 89' lang='lat' dir='ltr'><strong>vel</strong></span> <span class='ocrx_word' id='word_1_135' title='bbox 225 1814 404 1892; x_wconf 81' lang='lat' dir='ltr'><strong>astrologus,</strong></span> <span class='ocrx_word' id='word_1_136' title='bbox 440 1813 583 1886; x_wconf 88' lang='lat' dir='ltr'><strong>hariolus,</strong></span> <span class='ocrx_word' id='word_1_137' title='bbox 612 1817 798 1874; x_wconf 89' lang='lat' dir='ltr'><strong>somniorum</strong></span> <span class='ocrx_word' id='word_1_138' title='bbox 831 1815 990 1892; x_wconf 84' lang='lat' dir='ltr'><strong>interpres,</strong></span> <span class='ocrx_word' id='word_1_139' title='bbox 1025 1819 1257 1895; x_wconf 78' lang='lat' dir='ltr'><strong>praestigiator,</strong></span> 
     </span>
     <span class='ocr_line' id='line_1_17' title="bbox 143 1906 1257 1985; baseline 0.002 -17"><span class='ocrx_word' id='word_1_140' title='bbox 143 1907 319 1968; x_wconf 90' lang='lat' dir='ltr'><strong>concinator</strong></span> <span class='ocrx_word' id='word_1_141' title='bbox 341 1908 394 1985; x_wconf 92' lang='lat' dir='ltr'><strong>qui</strong></span> <span class='ocrx_word' id='word_1_142' title='bbox 417 1906 535 1985; x_wconf 87' lang='lat' dir='ltr'><strong>plebem</strong></span> <span class='ocrx_word' id='word_1_143' title='bbox 558 1906 597 1966; x_wconf 91' lang='lat' dir='ltr'><strong>ad</strong></span> <span class='ocrx_word' id='word_1_144' title='bbox 620 1908 728 1966; x_wconf 89' lang='lat' dir='ltr'><strong>turbas</strong></span> <span class='ocrx_word' id='word_1_145' title='bbox 752 1908 977 1985; x_wconf 87' lang='lat' dir='ltr'><strong>seditionesque</strong></span> <span class='ocrx_word' id='word_1_146' title='bbox 1000 1914 1257 1984; x_wconf 65' lang='lat' dir='ltr'><strong>commonstra]</strong></span> 
     </span>
     <span class='ocr_line' id='line_1_18' title="bbox 143 2001 1257 2080; baseline 0.006 -22"><span class='ocrx_word' id='word_1_147' title='bbox 143 2002 197 2078; x_wconf 92' lang='lat' dir='ltr'><strong>qui</strong></span> <span class='ocrx_word' id='word_1_148' title='bbox 217 2001 407 2078; x_wconf 87' lang='lat' dir='ltr'><strong>phylacteria</strong></span> <span class='ocrx_word' id='word_1_149' title='bbox 425 2001 555 2072; x_wconf 88' lang='lat' dir='ltr'><strong>conficit,</strong></span> <span class='ocrx_word' id='word_1_150' title='bbox 569 2002 735 2072; x_wconf 88' lang='lat' dir='ltr'><strong>usurarius,</strong></span> <span class='ocrx_word' id='word_1_151' title='bbox 750 2001 915 2080; x_wconf 87' lang='lat' dir='ltr'><strong>injuriosus</strong></span> <span class='ocrx_word' id='word_1_152' title='bbox 928 2001 975 2060; x_wconf 94' lang='lat' dir='ltr'><strong>vel</strong></span> <span class='ocrx_word' id='word_1_153' title='bbox 996 2010 1117 2063; x_wconf 89' lang='lat' dir='ltr'><strong>amator</strong></span> <span class='ocrx_word' id='word_1_154' title='bbox 1138 2006 1257 2078; x_wconf 91' lang='lat' dir='ltr'><strong>mundi,</strong></span> 
     </span>
     <span class='ocr_line' id='line_1_19' title="bbox 143 2093 1259 2178; baseline 0.008 -27"><span class='ocrx_word' id='word_1_155' title='bbox 143 2095 196 2172; x_wconf 91' lang='lat' dir='ltr'><strong>qui</strong></span> <span class='ocrx_word' id='word_1_156' title='bbox 222 2094 406 2171; x_wconf 88' lang='lat' dir='ltr'><strong>juramentis</strong></span> <span class='ocrx_word' id='word_1_157' title='bbox 434 2093 614 2167; x_wconf 90' lang='lat' dir='ltr'><strong>delectatur,</strong></span> <span class='ocrx_word' id='word_1_158' title='bbox 637 2095 860 2173; x_wconf 89' lang='lat' dir='ltr'><strong>qualiacunque</strong></span> <span class='ocrx_word' id='word_1_159' title='bbox 883 2095 948 2154; x_wconf 91' lang='lat' dir='ltr'><strong>sint</strong></span> <span class='ocrx_word' id='word_1_160' title='bbox 974 2107 1179 2172; x_wconf 87' lang='lat' dir='ltr'><strong>sacramenta,</strong></span> <span class='ocrx_word' id='word_1_161' title='bbox 1203 2104 1259 2178; x_wconf 93' lang='lat' dir='ltr'><strong>qui</strong></span> 
     </span>
     <span class='ocr_line' id='line_1_20' title="bbox 143 2184 1260 2254; baseline 0.009 -9"><span class='ocrx_word' id='word_1_162' title='bbox 143 2187 322 2245; x_wconf 85' lang='lat' dir='ltr'><strong>offensiones</strong></span> <span class='ocrx_word' id='word_1_163' title='bbox 336 2186 391 2244; x_wconf 92' lang='lat' dir='ltr'><strong>dat</strong></span> <span class='ocrx_word' id='word_1_164' title='bbox 412 2184 585 2245; x_wconf 90' lang='lat' dir='ltr'><strong>hominibus</strong></span> <span class='ocrx_word' id='word_1_165' title='bbox 598 2187 647 2245; x_wconf 89' lang='lat' dir='ltr'><strong>vel</strong></span> <span class='ocrx_word' id='word_1_166' title='bbox 667 2187 845 2247; x_wconf 76' lang='lat' dir='ltr'><strong>foeneratur</strong></span> <span class='ocrx_word' id='word_1_167' title='bbox 859 2188 906 2247; x_wconf 84' lang='lat' dir='ltr'><strong>vel</strong></span> <span class='ocrx_word' id='word_1_168' title='bbox 927 2188 1064 2249; x_wconf 87' lang='lat' dir='ltr'><strong>homines</strong></span> <span class='ocrx_word' id='word_1_169' title='bbox 1084 2197 1260 2254; x_wconf 89' lang='lat' dir='ltr'><strong>contemnit</strong></span> 
     </span>
     <span class='ocr_line' id='line_1_21' title="bbox 145 2278 1260 2357; baseline 0.012 -21"><span class='ocrx_word' id='word_1_170' title='bbox 145 2279 193 2338; x_wconf 92' lang='lat' dir='ltr'><strong>vel</strong></span> <span class='ocrx_word' id='word_1_171' title='bbox 214 2278 304 2338; x_wconf 89' lang='lat' dir='ltr'><strong>horas</strong></span> <span class='ocrx_word' id='word_1_172' title='bbox 325 2278 450 2356; x_wconf 84' lang='lat' dir='ltr'><strong>diesque</strong></span> <span class='ocrx_word' id='word_1_173' title='bbox 470 2279 637 2356; x_wconf 78' lang='lat' dir='ltr'><strong>praeeligit,</strong></span> <span class='ocrx_word' id='word_1_174' title='bbox 658 2281 806 2357; x_wconf 86' lang='lat' dir='ltr'><strong>quasdam</strong></span> <span class='ocrx_word' id='word_1_175' title='bbox 826 2301 891 2341; x_wconf 90' lang='lat' dir='ltr'><strong>esse</strong></span> <span class='ocrx_word' id='word_1_176' title='bbox 912 2281 1073 2356; x_wconf 84' lang='lat' dir='ltr'><strong>infaustas,</strong></span> <span class='ocrx_word' id='word_1_177' title='bbox 1094 2285 1130 2344; x_wconf 90' lang='lat' dir='ltr'><strong>hi</strong></span> <span class='ocrx_word' id='word_1_178' title='bbox 1152 2307 1260 2348; x_wconf 86' lang='lat' dir='ltr'><strong>omnes</strong></span> 
     </span>
     <span class='ocr_line' id='line_1_22' title="bbox 143 2371 1260 2453; baseline 0.01 -22"><span class='ocrx_word' id='word_1_179' title='bbox 143 2379 176 2431; x_wconf 89' lang='lat' dir='ltr'><strong>et</strong></span> <span class='ocrx_word' id='word_1_180' title='bbox 189 2374 243 2450; x_wconf 92' lang='lat' dir='ltr'><strong>qui</strong></span> <span class='ocrx_word' id='word_1_181' title='bbox 258 2372 370 2431; x_wconf 83' lang='lat' dir='ltr'><strong>similes</strong></span> <span class='ocrx_word' id='word_1_182' title='bbox 389 2377 462 2431; x_wconf 87' lang='lat' dir='ltr'><strong>sunt</strong></span> <span class='ocrx_word' id='word_1_183' title='bbox 482 2371 530 2430; x_wconf 90' lang='lat' dir='ltr'><strong>his</strong></span> <span class='ocrx_word' id='word_1_184' title='bbox 550 2391 650 2449; x_wconf 93' lang='lat' dir='ltr'><strong>neque</strong></span> <span class='ocrx_word' id='word_1_185' title='bbox 670 2374 842 2434; x_wconf 89' lang='lat' dir='ltr'><strong>instruendi</strong></span> <span class='ocrx_word' id='word_1_186' title='bbox 864 2393 962 2451; x_wconf 88' lang='lat' dir='ltr'><strong>neque</strong></span> <span class='ocrx_word' id='word_1_187' title='bbox 980 2377 1162 2453; x_wconf 81' lang='lat' dir='ltr'><strong>baptizandi</strong></span> <span class='ocrx_word' id='word_1_188' title='bbox 1183 2391 1260 2442; x_wconf 92' lang='lat' dir='ltr'><strong>sunt</strong></span> 
     </span>
     <span class='ocr_line' id='line_1_23' title="bbox 142 2465 1259 2544; baseline 0.008 -18"><span class='ocrx_word' id='word_1_189' title='bbox 142 2467 237 2526; x_wconf 87' lang='lat' dir='ltr'><strong>donec</strong></span> <span class='ocrx_word' id='word_1_190' title='bbox 271 2467 310 2524; x_wconf 91' lang='lat' dir='ltr'><strong>ab</strong></span> <span class='ocrx_word' id='word_1_191' title='bbox 341 2465 480 2524; x_wconf 91' lang='lat' dir='ltr'><strong>omnibus</strong></span> <span class='ocrx_word' id='word_1_192' title='bbox 513 2465 628 2524; x_wconf 89' lang='lat' dir='ltr'><strong>talibus</strong></span> <span class='ocrx_word' id='word_1_193' title='bbox 662 2467 802 2544; x_wconf 89' lang='lat' dir='ltr'><strong>operibus</strong></span> <span class='ocrx_word' id='word_1_194' title='bbox 836 2468 1112 2534; x_wconf 75' lang='lat' dir='ltr'><strong>abstineant—77.</strong></span> <span class='ocrx_word' id='word_1_195' title='bbox 1151 2474 1259 2535; x_wconf 88' lang='lat' dir='ltr'><strong>Trium</strong></span> 
     </span>
     <span class='ocr_line' id='line_1_24' title="bbox 142 2559 1261 2638; baseline 0.009 -20"><span class='ocrx_word' id='word_1_196' title='bbox 142 2560 268 2618; x_wconf 88' lang='lat' dir='ltr'><strong>testium</strong></span> <span class='ocrx_word' id='word_1_197' title='bbox 292 2559 515 2617; x_wconf 86' lang='lat' dir='ltr'><strong>asseveratione</strong></span> <span class='ocrx_word' id='word_1_198' title='bbox 536 2577 611 2635; x_wconf 89' lang='lat' dir='ltr'><strong>opus</strong></span> <span class='ocrx_word' id='word_1_199' title='bbox 633 2565 690 2630; x_wconf 86' lang='lat' dir='ltr'><strong>est,</strong></span> <span class='ocrx_word' id='word_1_200' title='bbox 711 2561 764 2638; x_wconf 92' lang='lat' dir='ltr'><strong>qui</strong></span> <span class='ocrx_word' id='word_1_201' title='bbox 786 2565 942 2618; x_wconf 90' lang='lat' dir='ltr'><strong>testentur</strong></span> <span class='ocrx_word' id='word_1_202' title='bbox 963 2562 1030 2621; x_wconf 90' lang='lat' dir='ltr'><strong>illos</strong></span> <span class='ocrx_word' id='word_1_203' title='bbox 1052 2564 1092 2622; x_wconf 87' lang='lat' dir='ltr'><strong>ab</strong></span> <span class='ocrx_word' id='word_1_204' title='bbox 1112 2569 1261 2628; x_wconf 91' lang='lat' dir='ltr'><strong>omnibus</strong></span> 
     </span>
     <span class='ocr_line' id='line_1_25' title="bbox 143 2650 1260 2728; baseline 0.011 -18"><span class='ocrx_word' id='word_1_205' title='bbox 143 2653 258 2710; x_wconf 87' lang='lat' dir='ltr'><strong>talibus</strong></span> <span class='ocrx_word' id='word_1_206' title='bbox 285 2652 426 2710; x_wconf 85' lang='lat' dir='ltr'><strong>nefandis</strong></span> <span class='ocrx_word' id='word_1_207' title='bbox 454 2652 595 2728; x_wconf 89' lang='lat' dir='ltr'><strong>operibus</strong></span> <span class='ocrx_word' id='word_1_208' title='bbox 616 2650 681 2728; x_wconf 88' lang='lat' dir='ltr'><strong>jam</strong></span> <span class='ocrx_word' id='word_1_209' title='bbox 706 2652 957 2714; x_wconf 79' lang='lat' dir='ltr'><strong>resiluisse—78.</strong></span> <span class='ocrx_word' id='word_1_210' title='bbox 981 2655 1054 2714; x_wconf 89' lang='lat' dir='ltr'><strong>Non</strong></span> <span class='ocrx_word' id='word_1_211' title='bbox 1077 2677 1150 2718; x_wconf 86' lang='lat' dir='ltr'><strong>raro</strong></span> <span class='ocrx_word' id='word_1_212' title='bbox 1175 2664 1260 2722; x_wconf 92' lang='lat' dir='ltr'><strong>enim</strong></span> 
     </span>
     <span class='ocr_line' id='line_1_26' title="bbox 142 2744 1260 2824; baseline 0.012 -22"><span class='ocrx_word' id='word_1_213' title='bbox 142 2747 179 2802; x_wconf 92' lang='lat' dir='ltr'><strong>fit</strong></span> <span class='ocrx_word' id='word_1_214' title='bbox 200 2751 236 2804; x_wconf 88' lang='lat' dir='ltr'><strong>ut</strong></span> <span class='ocrx_word' id='word_1_215' title='bbox 257 2744 393 2803; x_wconf 87' lang='lat' dir='ltr'><strong>homines</strong></span> <span class='ocrx_word' id='word_1_216' title='bbox 414 2764 509 2824; x_wconf 89' lang='lat' dir='ltr'><strong>usque</strong></span> <span class='ocrx_word' id='word_1_217' title='bbox 530 2746 569 2804; x_wconf 90' lang='lat' dir='ltr'><strong>ad</strong></span> <span class='ocrx_word' id='word_1_218' title='bbox 590 2753 778 2805; x_wconf 85' lang='lat' dir='ltr'><strong>senectutem</strong></span> <span class='ocrx_word' id='word_1_219' title='bbox 802 2749 964 2824; x_wconf 88' lang='lat' dir='ltr'><strong>propositis</strong></span> <span class='ocrx_word' id='word_1_220' title='bbox 985 2751 1049 2808; x_wconf 87' lang='lat' dir='ltr'><strong>suis</strong></span> <span class='ocrx_word' id='word_1_221' title='bbox 1071 2751 1260 2815; x_wconf 86' lang='lat' dir='ltr'><strong>inhaereant</strong></span> 
     </span>
     <span class='ocr_line' id='line_1_27' title="bbox 142 2838 1259 2921; baseline 0.011 -24"><span class='ocrx_word' id='word_1_222' title='bbox 142 2840 201 2898; x_wconf 81' lang='lat' dir='ltr'><strong>nisi</strong></span> <span class='ocrx_word' id='word_1_223' title='bbox 221 2859 338 2896; x_wconf 91' lang='lat' dir='ltr'><strong>summa</strong></span> <span class='ocrx_word' id='word_1_224' title='bbox 351 2839 382 2896; x_wconf 91' lang='lat' dir='ltr'><strong>vi</strong></span> <span class='ocrx_word' id='word_1_225' title='bbox 401 2838 690 2898; x_wconf 82' lang='lat' dir='ltr'><strong>contendant.—&#39;l9.</strong></span> <span class='ocrx_word' id='word_1_226' title='bbox 713 2839 828 2909; x_wconf 84' lang='lat' dir='ltr'><strong>Quodsi</strong></span> <span class='ocrx_word' id='word_1_227' title='bbox 849 2848 918 2917; x_wconf 89' lang='lat' dir='ltr'><strong>post</strong></span> <span class='ocrx_word' id='word_1_228' title='bbox 940 2842 1124 2921; x_wconf 90' lang='lat' dir='ltr'><strong>baptismum</strong></span> <span class='ocrx_word' id='word_1_229' title='bbox 1147 2849 1183 2907; x_wconf 92' lang='lat' dir='ltr'><strong>in</strong></span> <span class='ocrx_word' id='word_1_230' title='bbox 1202 2851 1259 2909; x_wconf 86' lang='lat' dir='ltr'><strong>illa</strong></span> 
     </span>
     <span class='ocr_line' id='line_1_28' title="bbox 140 2932 1258 3014; baseline 0.01 -23"><span class='ocrx_word' id='word_1_231' title='bbox 140 2952 217 3010; x_wconf 86' lang='lat' dir='ltr'><strong>quae</strong></span> <span class='ocrx_word' id='word_1_232' title='bbox 245 2932 480 3009; x_wconf 85' lang='lat' dir='ltr'><strong>significavimus</strong></span> <span class='ocrx_word' id='word_1_233' title='bbox 507 2933 668 2990; x_wconf 89' lang='lat' dir='ltr'><strong>criminosa</strong></span> <span class='ocrx_word' id='word_1_234' title='bbox 695 2933 812 3010; x_wconf 86' lang='lat' dir='ltr'><strong>flagitia</strong></span> <span class='ocrx_word' id='word_1_235' title='bbox 838 2935 950 3012; x_wconf 87' lang='lat' dir='ltr'><strong>relapsi</strong></span> <span class='ocrx_word' id='word_1_236' title='bbox 976 2937 1190 3014; x_wconf 88' lang='lat' dir='ltr'><strong>inveniuntur,</strong></span> <span class='ocrx_word' id='word_1_237' title='bbox 1219 2963 1258 3002; x_wconf 86' lang='lat' dir='ltr'><strong>ex</strong></span> 
     </span>
     <span class='ocr_line' id='line_1_29' title="bbox 142 3026 1258 3115; baseline 0.012 -30"><span class='ocrx_word' id='word_1_238' title='bbox 142 3027 266 3086; x_wconf 89' lang='lat' dir='ltr'><strong>ecclesia</strong></span> <span class='ocrx_word' id='word_1_239' title='bbox 280 3026 481 3104; x_wconf 82' lang='lat' dir='ltr'><strong>expellantur,</strong></span> <span class='ocrx_word' id='word_1_240' title='bbox 493 3026 587 3086; x_wconf 88' lang='lat' dir='ltr'><strong>donec</strong></span> <span class='ocrx_word' id='word_1_241' title='bbox 601 3029 820 3105; x_wconf 89' lang='lat' dir='ltr'><strong>poenitentiam</strong></span> <span class='ocrx_word' id='word_1_242' title='bbox 831 3031 949 3107; x_wconf 86' lang='lat' dir='ltr'><strong>egerint</strong></span> <span class='ocrx_word' id='word_1_243' title='bbox 962 3050 1031 3090; x_wconf 89' lang='lat' dir='ltr'><strong>cum</strong></span> <span class='ocrx_word' id='word_1_244' title='bbox 1042 3032 1126 3106; x_wconf 86' lang='lat' dir='ltr'><strong>fletu,</strong></span> <span class='ocrx_word' id='word_1_245' title='bbox 1137 3035 1258 3115; x_wconf 75' lang='lat' dir='ltr'><strong>jejunio</strong></span> 
     </span>
     <span class='ocr_line' id='line_1_30' title="bbox 141 3121 570 3198; baseline -0.002 -17"><span class='ocrx_word' id='word_1_246' title='bbox 141 3128 174 3181; x_wconf 88' lang='lat' dir='ltr'><strong>et</strong></span> <span class='ocrx_word' id='word_1_247' title='bbox 188 3122 328 3198; x_wconf 89' lang='lat' dir='ltr'><strong>operibus</strong></span> <span class='ocrx_word' id='word_1_248' title='bbox 341 3121 570 3180; x_wconf 89' lang='lat' dir='ltr'><strong>misericordiae.</strong></span> 
     </span>
    </p>

    <p class='ocr_par' dir='ltr' id='par_1_3' title="bbox 143 3213 1263 4044">
     <span class='ocr_line' id='line_1_31' title="bbox 205 3213 1257 3297; baseline 0.012 -25"><span class='ocrx_word' id='word_1_249' title='bbox 205 3216 254 3273; x_wconf 72' lang='lat'><strong>80.</strong></span> <span class='ocrx_word' id='word_1_250' title='bbox 276 3214 309 3272; x_wconf 81' lang='lat' dir='ltr'><strong>Si</strong></span> <span class='ocrx_word' id='word_1_251' title='bbox 330 3213 523 3287; x_wconf 88' lang='lat' dir='ltr'><strong>christianus,</strong></span> <span class='ocrx_word' id='word_1_252' title='bbox 548 3220 710 3291; x_wconf 88' lang='lat' dir='ltr'><strong>postquam</strong></span> <span class='ocrx_word' id='word_1_253' title='bbox 738 3235 805 3275; x_wconf 91' lang='lat' dir='ltr'><strong>cum</strong></span> <span class='ocrx_word' id='word_1_254' title='bbox 835 3218 1003 3277; x_wconf 88' lang='lat' dir='ltr'><strong>concubina</strong></span> <span class='ocrx_word' id='word_1_255' title='bbox 1029 3222 1155 3297; x_wconf 84' lang='lat' dir='ltr'><strong>speciali</strong></span> <span class='ocrx_word' id='word_1_256' title='bbox 1178 3226 1257 3285; x_wconf 84' lang='lat' dir='ltr'><strong>vivit</strong></span> 
     </span>
     <span class='ocr_line' id='line_1_32' title="bbox 144 3307 1259 3391; baseline 0.013 -24"><span class='ocrx_word' id='word_1_257' title='bbox 144 3328 223 3385; x_wconf 89' lang='lat' dir='ltr'><strong>quae</strong></span> <span class='ocrx_word' id='word_1_258' title='bbox 237 3328 274 3367; x_wconf 86' lang='lat' dir='ltr'><strong>ex</strong></span> <span class='ocrx_word' id='word_1_259' title='bbox 293 3309 359 3384; x_wconf 89' lang='lat' dir='ltr'><strong>ipso</strong></span> <span class='ocrx_word' id='word_1_260' title='bbox 379 3308 498 3385; x_wconf 88' lang='lat' dir='ltr'><strong>peperit</strong></span> <span class='ocrx_word' id='word_1_261' title='bbox 519 3307 623 3381; x_wconf 90' lang='lat' dir='ltr'><strong>filium,</strong></span> <span class='ocrx_word' id='word_1_262' title='bbox 639 3309 693 3366; x_wconf 91' lang='lat' dir='ltr'><strong>illa</strong></span> <span class='ocrx_word' id='word_1_263' title='bbox 714 3318 816 3387; x_wconf 89' lang='lat' dir='ltr'><strong>spreta</strong></span> <span class='ocrx_word' id='word_1_264' title='bbox 836 3330 961 3371; x_wconf 86' lang='lat' dir='ltr'><strong>uxorem</strong></span> <span class='ocrx_word' id='word_1_265' title='bbox 982 3313 1092 3375; x_wconf 86' lang='lat' dir='ltr'><strong>ducere</strong></span> <span class='ocrx_word' id='word_1_266' title='bbox 1113 3320 1193 3391; x_wconf 82' lang='lat' dir='ltr'><strong>vult,</strong></span> <span class='ocrx_word' id='word_1_267' title='bbox 1211 3330 1259 3381; x_wconf 78' lang='lat' dir='ltr'><strong>est</strong></span> 
     </span>
     <span class='ocr_line' id='line_1_33' title="bbox 143 3401 1260 3484; baseline 0.012 -23"><span class='ocrx_word' id='word_1_268' title='bbox 143 3405 255 3461; x_wconf 88' lang='lat' dir='ltr'><strong>occisor</strong></span> <span class='ocrx_word' id='word_1_269' title='bbox 276 3402 415 3474; x_wconf 89' lang='lat' dir='ltr'><strong>hominis,</strong></span> <span class='ocrx_word' id='word_1_270' title='bbox 430 3403 490 3459; x_wconf 90' lang='lat' dir='ltr'><strong>nisi</strong></span> <span class='ocrx_word' id='word_1_271' title='bbox 503 3401 583 3461; x_wconf 83' lang='lat' dir='ltr'><strong>forte</strong></span> <span class='ocrx_word' id='word_1_272' title='bbox 596 3404 630 3460; x_wconf 92' lang='lat' dir='ltr'><strong>in</strong></span> <span class='ocrx_word' id='word_1_273' title='bbox 643 3404 842 3466; x_wconf 80' lang='lat' dir='ltr'><strong>fornicatione</strong></span> <span class='ocrx_word' id='word_1_274' title='bbox 863 3407 947 3467; x_wconf 91' lang='lat' dir='ltr'><strong>illam</strong></span> <span class='ocrx_word' id='word_1_275' title='bbox 967 3406 1260 3484; x_wconf 82' lang='lat' dir='ltr'><strong>deprehenderit—</strong></span> 
     </span>
     <span class='ocr_line' id='line_1_34' title="bbox 146 3496 1262 3577; baseline 0.013 -23"><span class='ocrx_word' id='word_1_276' title='bbox 146 3499 194 3555; x_wconf 86' lang='grc'><strong>81.</strong></span> <span class='ocrx_word' id='word_1_277' title='bbox 216 3496 329 3554; x_wconf 85' lang='lat' dir='ltr'><strong>Mulier</strong></span> <span class='ocrx_word' id='word_1_278' title='bbox 347 3496 443 3554; x_wconf 89' lang='lat' dir='ltr'><strong>libera</strong></span> <span class='ocrx_word' id='word_1_279' title='bbox 456 3515 494 3553; x_wconf 93' lang='lat' dir='ltr'><strong>ne</strong></span> <span class='ocrx_word' id='word_1_280' title='bbox 509 3498 613 3554; x_wconf 89' lang='lat' dir='ltr'><strong>veniat</strong></span> <span class='ocrx_word' id='word_1_281' title='bbox 627 3504 712 3555; x_wconf 87' lang='lat' dir='ltr'><strong>veste</strong></span> <span class='ocrx_word' id='word_1_282' title='bbox 727 3501 884 3577; x_wconf 87' lang='lat' dir='ltr'><strong>variegata</strong></span> <span class='ocrx_word' id='word_1_283' title='bbox 898 3500 937 3559; x_wconf 88' lang='lat' dir='ltr'><strong>ad</strong></span> <span class='ocrx_word' id='word_1_284' title='bbox 951 3502 1117 3577; x_wconf 85' lang='lat' dir='ltr'><strong>ecclesiam,</strong></span> <span class='ocrx_word' id='word_1_285' title='bbox 1136 3511 1262 3567; x_wconf 84' lang='lat' dir='ltr'><strong>tametsi</strong></span> 
     </span>
     <span class='ocr_line' id='line_1_35' title="bbox 146 3590 1262 3670; baseline 0.014 -24"><span class='ocrx_word' id='word_1_286' title='bbox 146 3591 188 3646; x_wconf 93' lang='lat' dir='ltr'><strong>sic</strong></span> <span class='ocrx_word' id='word_1_287' title='bbox 216 3591 344 3647; x_wconf 89' lang='lat' dir='ltr'><strong>maritus</strong></span> <span class='ocrx_word' id='word_1_288' title='bbox 371 3590 561 3667; x_wconf 88' lang='lat' dir='ltr'><strong>praescribit,</strong></span> <span class='ocrx_word' id='word_1_289' title='bbox 590 3610 667 3650; x_wconf 80' lang='lat' dir='ltr'><strong>neve</strong></span> <span class='ocrx_word' id='word_1_290' title='bbox 694 3593 794 3652; x_wconf 86' lang='lat' dir='ltr'><strong>crines</strong></span> <span class='ocrx_word' id='word_1_291' title='bbox 822 3594 968 3654; x_wconf 85' lang='lat' dir='ltr'><strong>demittat</strong></span> <span class='ocrx_word' id='word_1_292' title='bbox 994 3596 1118 3670; x_wconf 86' lang='lat' dir='ltr'><strong>solutos,</strong></span> <span class='ocrx_word' id='word_1_293' title='bbox 1146 3599 1262 3662; x_wconf 88' lang='lat' dir='ltr'><strong>habeat</strong></span> 
     </span>
     <span class='ocr_line' id='line_1_36' title="bbox 146 3682 1263 3762; baseline 0.014 -23"><span class='ocrx_word' id='word_1_294' title='bbox 146 3684 248 3760; x_wconf 87' lang='lat' dir='ltr'><strong>potius</strong></span> <span class='ocrx_word' id='word_1_295' title='bbox 268 3682 392 3760; x_wconf 90' lang='lat' dir='ltr'><strong>capillos</strong></span> <span class='ocrx_word' id='word_1_296' title='bbox 413 3684 582 3762; x_wconf 87' lang='lat' dir='ltr'><strong>complexos</strong></span> <span class='ocrx_word' id='word_1_297' title='bbox 603 3685 636 3743; x_wconf 91' lang='lat' dir='ltr'><strong>in</strong></span> <span class='ocrx_word' id='word_1_298' title='bbox 657 3685 745 3745; x_wconf 91' lang='lat' dir='ltr'><strong>domo</strong></span> <span class='ocrx_word' id='word_1_299' title='bbox 767 3688 835 3760; x_wconf 91' lang='lat' dir='ltr'><strong>Dei,</strong></span> <span class='ocrx_word' id='word_1_300' title='bbox 852 3708 929 3747; x_wconf 89' lang='lat' dir='ltr'><strong>neve</strong></span> <span class='ocrx_word' id='word_1_301' title='bbox 949 3688 1045 3748; x_wconf 84' lang='lat' dir='ltr'><strong>iaciat</strong></span> <span class='ocrx_word' id='word_1_302' title='bbox 1065 3693 1162 3752; x_wconf 80' lang='lat' dir='ltr'><strong>cirros</strong></span> <span class='ocrx_word' id='word_1_303' title='bbox 1183 3695 1263 3755; x_wconf 78' lang='lat' dir='ltr'><strong>ison·</strong></span> 
     </span>
     <span class='ocr_line' id='line_1_37' title="bbox 146 3777 1261 3862; baseline 0.016 -28"><span class='ocrx_word' id='word_1_304' title='bbox 146 3777 223 3835; x_wconf 87' lang='lat' dir='ltr'><strong>tales</strong></span> <span class='ocrx_word' id='word_1_305' title='bbox 248 3779 401 3855; x_wconf 89' lang='lat' dir='ltr'><strong>incapite</strong></span> <span class='ocrx_word' id='word_1_306' title='bbox 425 3779 549 3855; x_wconf 89' lang='lat' dir='ltr'><strong>quando</strong></span> <span class='ocrx_word' id='word_1_307' title='bbox 572 3780 640 3839; x_wconf 84' lang='lat' dir='ltr'><strong>vult</strong></span> <span class='ocrx_word' id='word_1_308' title='bbox 667 3783 852 3859; x_wconf 87' lang='lat' dir='ltr'><strong>participare</strong></span> <span class='ocrx_word' id='word_1_309' title='bbox 873 3786 1027 3862; x_wconf 86' lang='lat' dir='ltr'><strong>mysteriis</strong></span> <span class='ocrx_word' id='word_1_310' title='bbox 1052 3790 1261 3862; x_wconf 79' lang='lat' dir='ltr'><strong>ssoris3-82.</strong></span> 
     </span>
     <span class='ocr_line' id='line_1_38' title="bbox 147 3870 1262 3957; baseline 0.015 -29"><span class='ocrx_word' id='word_1_311' title='bbox 147 3889 222 3928; x_wconf 88' lang='lat' dir='ltr'><strong>neve</strong></span> <span class='ocrx_word' id='word_1_312' title='bbox 249 3870 303 3930; x_wconf 92' lang='lat' dir='ltr'><strong>det</strong></span> <span class='ocrx_word' id='word_1_313' title='bbox 330 3871 464 3930; x_wconf 80' lang='lat' dir='ltr'><strong>infantes</strong></span> <span class='ocrx_word' id='word_1_314' title='bbox 491 3892 568 3950; x_wconf 87' lang='lat' dir='ltr'><strong>quos</strong></span> <span class='ocrx_word' id='word_1_315' title='bbox 595 3875 714 3951; x_wconf 91' lang='lat' dir='ltr'><strong>peperit</strong></span> <span class='ocrx_word' id='word_1_316' title='bbox 741 3877 923 3949; x_wconf 89' lang='lat' dir='ltr'><strong>nutricibus,</strong></span> <span class='ocrx_word' id='word_1_317' title='bbox 948 3879 1001 3937; x_wconf 84' lang='lat' dir='ltr'><strong>sed</strong></span> <span class='ocrx_word' id='word_1_318' title='bbox 1029 3881 1096 3957; x_wconf 86' lang='lat' dir='ltr'><strong>ipsa</strong></span> <span class='ocrx_word' id='word_1_319' title='bbox 1125 3884 1192 3943; x_wconf 88' lang='lat' dir='ltr'><strong>sola</strong></span> <span class='ocrx_word' id='word_1_320' title='bbox 1213 3906 1262 3946; x_wconf 87' lang='lat' dir='ltr'><strong>eos</strong></span> 
     </span>
     <span class='ocr_line' id='line_1_39' title="bbox 148 3965 1261 4044; baseline 0.014 -21"><span class='ocrx_word' id='word_1_321' title='bbox 148 3965 266 4023; x_wconf 86' lang='lat' dir='ltr'><strong>nutriat</strong></span> <span class='ocrx_word' id='word_1_322' title='bbox 287 3966 450 4025; x_wconf 87' lang='lat' dir='ltr'><strong>secundum</strong></span> <span class='ocrx_word' id='word_1_323' title='bbox 472 3986 580 4026; x_wconf 90' lang='lat' dir='ltr'><strong>nomen</strong></span> <span class='ocrx_word' id='word_1_324' title='bbox 600 3967 731 4044; x_wconf 86' lang='lat' dir='ltr'><strong>conjugii</strong></span> <span class='ocrx_word' id='word_1_325' title='bbox 742 3971 840 4041; x_wconf 83' lang='lat'><strong>;-83.</strong></span> <span class='ocrx_word' id='word_1_326' title='bbox 864 3991 940 4030; x_wconf 88' lang='lat' dir='ltr'><strong>neve</strong></span> <span class='ocrx_word' id='word_1_327' title='bbox 960 3971 1261 4039; x_wconf 88' lang='lat' dir='ltr'><strong>administrationem</strong></span> 
     </span>
    </p>
   </div>
   <div class='ocr_carea' id='block_1_3' title="bbox 0 0 1416 4822">
    <p class='ocr_par' dir='ltr' id='par_1_4' title="bbox 0 0 1416 4822">
     <span class='ocr_line' id='line_1_40' title="bbox 0 0 1416 4822; baseline 0 0"><span class='ocrx_word' id='word_1_328' title='bbox 0 0 1416 4822; x_wconf 95' lang='lat' dir='ltr'><strong> </strong></span> 
     </span>
    </p>
   </div>
  </div>
 </body>
</html>
