2814 4816
323 358 530 408 crasmarus
553 358 594 408 or
616 358 794 409 onamrrsu
817 360 1012 415 minumus.
1162 346 1225 415 307

109 516 180 574 iuter
197 532 267 588 quae
284 516 365 588 hujus
382 516 546 589 pinguissimi
557 516 667 590 liquoris
678 516 815 575 ministrae
827 517 902 575 oleae
915 527 1097 588 nascerentur,
1109 538 1223 593 quarum

109 605 213 662 fructum
225 622 301 661 sacro
313 606 449 661 chrismati
462 606 615 661 deserviret
653 607 724 661 Nem
740 606 829 662 David
847 608 1003 680 prophetico
1016 610 1110 681 spiritu
1125 609 1227 680 gratiae

110 699 174 749 tuae
197 698 366 748 sacramenta
383 709 560 763 praenoscens
579 691 670 746 vultus
688 698 794 747 nostros
818 693 845 747 in
870 693 929 748 oleo
953 693 1142 750 exhilarandos
1166 711 1225 750 asae

110 775 238 831 cantavit.
274 775 311 829 Et
331 792 394 829 cum
414 775 508 830 mundi
529 774 641 829 cumina
661 773 762 829 diluvio
783 775 919 845 quondam
938 777 1111 848 expiarentur
1130 776 1224 842 effuso,

108 859 137 914 in
155 857 357 913 similitudinem
375 857 458 913 futuri
476 858 593 912 muneris
613 856 736 912 columba
748 856 932 913 demonstrans
950 878 998 931 per
1016 858 1102 914 olivae
1119 876 1225 914 ramum

111 957 207 1013 pacem
237 940 315 995 terris
345 940 476 995 redditam
506 940 649 995 nuntiavit.
714 940 791 1005 Quod
821 941 849 995 in
879 941 1029 998 novissimis
1059 943 1224 1014 temporibus

110 1028 260 1084 manifestis
284 1034 326 1083 est
350 1027 489 1083 effectibus
513 1027 685 1094 declaratum,
710 1044 771 1083 cum
801 1027 968 1100 baptismatis
997 1030 1073 1100 aquis
1104 1029 1224 1084 omnium

110 1111 253 1167 criminum
271 1109 413 1165 commissa
431 1108 588 1176 delentibus,
602 1108 669 1165 haee
686 1107 738 1164 olei
756 1109 847 1165 unctio
865 1112 956 1166 vultus
973 1117 1077 1167 nostros
1093 1110 1226 1182 jucundos

111 1196 209 1252 efficiat
231 1202 260 1250 et
283 1212 399 1250 serenos.
435 1195 503 1250 Inda
528 1196 610 1250 etiam
633 1194 722 1265 Moysi
741 1194 841 1250 botulo
861 1203 908 1251 tuo
929 1197 1055 1252 mandata
1077 1197 1173 1253 dedisti
1194 1203 1226 1253 ut

112 1282 204 1335 Aaron
227 1279 336 1335 fratrem
354 1295 432 1334 suum
450 1279 523 1350 prius
547 1295 618 1350 aqua
641 1277 727 1332 lotum
748 1295 796 1348 per
816 1279 977 1336 infusionem
998 1281 1077 1353 hujus
1096 1281 1228 1352 unguenti

109 1363 285 1417 constitueret
307 1360 483 1417 sacerdotem.
528 1360 651 1416 Accessit
674 1361 709 1415 ad
733 1361 785 1415 hoc
809 1362 923 1434 amplior
945 1364 1033 1419 bonor
1055 1382 1117 1420 cum
1139 1365 1224 1421 Filius

110 1456 174 1504 tuus
193 1448 316 1503 domiuus
337 1453 429 1502 noster
446 1448 527 1502 Jesus
548 1447 669 1503 Christus
692 1445 776 1501 lavari
798 1464 816 1501 a
838 1447 964 1503 Johanne
984 1449 1226 1506 undisJordunicis

111 1531 251 1602 exegisset,
276 1536 305 1585 et
328 1530 429 1600 Spiritu
452 1534 546 1584 sanctu
576 1528 603 1582 in
633 1527 773 1583 columbae
797 1529 970 1585 similitudine
1000 1531 1116 1604 desuper
1145 1533 1225 1588 misso

111 1612 284 1683 Unigenitum
308 1617 386 1667 tuum
410 1612 439 1666 in
462 1628 514 1683 quo
538 1610 586 1665 tobi
611 1610 712 1683 optime
737 1611 931 1683 complacuisse
955 1614 1107 1670 testimonio
1131 1615 1223 1671 subse·

110 1696 216 1768 quentis
239 1696 313 1750 vocis
337 1695 499 1763 ostenderes,
524 1694 577 1749 hoc
598 1693 664 1748 illud
693 1711 752 1750 esse
782 1697 997 1752 manifestissima
1027 1701 1226 1771 comprobares,

110 1780 183 1852 quod
194 1798 256 1835 eum
275 1780 334 1835 oleo
352 1779 471 1837 laetitiae
483 1796 547 1850 prae
559 1779 726 1836 consortibus
740 1781 795 1835 suis
811 1781 966 1852 ungendum
985 1782 1074 1839 David
1092 1783 1223 1855 propheta

109 1863 256 1919 cecinisset
293 1864 333 1918 'l'e
357 1863 438 1934 igitur
461 1862 645 1934 deprecamur,
669 1864 784 1919 Domine
808 1871 910 1932 sancte,
938 1866 1020 1920 Pater
1043 1867 1223 1940 omnipotens,

110 1955 219 2003 aeterne
238 1948 319 2016 Deus,
339 1965 388 2020 per
408 1948 502 2002 desum
517 1944 654 2002 Christum
676 1947 773 2002 Filium
793 1952 870 2003 tuum
890 1949 1030 2003 dominnm
1051 1957 1182 2019 nostrum,
1193 1958 1225 2008 ut

110 2031 190 2102 hujus
208 2038 345 2086 creaturae
363 2029 553 2101 pinguedinem
564 2029 728 2086 sanctificare
746 2037 793 2085 tua
811 2031 998 2087 benedictione
1016 2031 1131 2102 digneris
1150 2039 1178 2088 et
1195 2034 1224 2087 iu

110 2114 197 2170 sancti
219 2114 334 2185 Spiritus
354 2113 502 2168 immiscere
523 2113 649 2168 virtutem
668 2129 716 2184 per
739 2114 886 2185 potentiam
908 2114 1007 2170 Christi
1027 2114 1082 2185 tui;
1108 2133 1125 2170 a
1145 2116 1221 2187 cujus

111 2205 204 2253 sancto
225 2199 333 2252 nomine
353 2197 469 2252 chrisma
488 2213 587 2251 nomen
606 2197 717 2268 accepit,
741 2195 812 2251 unde
833 2198 935 2252 unxisti
953 2197 1115 2264 sacerdotes,
1136 2216 1222 2269 reges,

111 2282 255 2354 prophetas
267 2286 296 2335 et
308 2287 440 2350 martyres
452 2286 527 2348 tuos,
546 2286 577 2335 ut
587 2279 623 2334 sit
634 2279 676 2334 his
688 2279 735 2351 qui
748 2281 834 2335 renati
847 2281 989 2337 fueriutex
1001 2299 1072 2352 aqua
1084 2287 1112 2336 et
1124 2282 1223 2354 Spiritu

109 2371 202 2419 sancto
215 2364 330 2419 chrisma
342 2363 443 2434 salutis,
456 2380 555 2434 eosque
567 2368 692 2418 aeternae
706 2364 777 2419 vitae
794 2364 936 2438 participes
948 2371 976 2420 et
987 2365 1108 2421 caelestis
1119 2366 1221 2438 gloriae

111 2450 193 2503 facias
205 2464 263 2503 esse
276 2453 420 2502 consortes.

174 2650 241 2714 The
256 2647 403 2732 ampulla
418 2647 606 2732 containing
626 2648 682 2712 the
704 2669 785 2732 pure
805 2647 850 2713 cil
864 2669 930 2714 was
949 2650 1027 2714 then
1047 2650 1218 2734 presented

108 2764 142 2820 to
165 2756 221 2820 the
244 2756 340 2839 Pcpe‚
364 2754 428 2818 and
451 2753 657 2819 consecrated
671 2753 751 2817 with
773 2753 830 2818 the
853 2775 942 2819 same
960 2775 1139 2840 ccremony.
1184 2756 1220 2820 It

109 2880 175 2924 was
197 2858 352 2924 breatbed
374 2878 462 2941 upon
477 2857 542 2921 and
557 2857 671 2939 signed
693 2856 774 2921 with
789 2857 845 2922 the
860 2878 946 2923 crosa
961 2859 996 2922 in
1011 2859 1067 2924 the
1082 2879 1220 2923 manner

108 2965 259 3030 followed
282 2965 318 3028 in
342 2964 399 3029 the
426 2983 498 3027 case
521 2962 557 3027 oi
578 2962 634 3028 the
660 2962 738 3046 holy
762 2963 892 3042 chriam,
915 2964 975 3028 but
997 2963 1053 3028 the
1076 2965 1219 3048 blessing

108 3091 175 3134 was
196 3069 318 3135 recited
340 3069 375 3132 in
397 3088 440 3132 an
462 3067 614 3152 ordinary
637 3075 713 3133 tone
735 3068 770 3132 uf
793 3068 893 3133 voice.
938 3068 1006 3133 The
1033 3076 1103 3134 text
1128 3069 1158 3133 is
1183 3089 1219 3133 as

109 3173 298 3238 follows:-

160 3387 234 3441 Deue
246 3386 469 3441 incrementorum
485 3391 513 3440 et
529 3384 698 3455 profectuum
714 3382 873 3456 spiritalium
885 3389 1046 3452 munerator,
1059 3385 1104 3456 qui
1117 3386 1216 3442 virtute

107 3471 194 3525 sancti
223 3469 337 3540 Spiritus
366 3470 407 3524 tui
436 3468 630 3523 imbecillarum
659 3468 790 3522 mentium
819 3467 970 3522 rudimenta
999 3468 1159 3541 confirmas;
1190 3478 1218 3527 te

106 3570 220 3621 oramus,
240 3553 362 3621 Domine,
381 3559 412 3607 ut
430 3552 550 3607 venturis
568 3552 603 3606 ad
623 3551 717 3606 beatae
736 3551 944 3621 regenerationis
961 3549 1097 3606 lavacrum
1115 3549 1218 3604 tribuas

107 3652 154 3705 per
177 3635 331 3690 unctionem
354 3636 432 3689 istius
455 3640 592 3690 creaturae
610 3633 794 3706 purgationem
819 3633 917 3688 mentis
936 3640 965 3688 et
984 3634 1117 3705 corporis3
1141 3639 1172 3687 ut
1195 3634 1217 3687 si

104 3736 173 3790 quae
192 3719 243 3773 illis
255 3719 455 3774 adversantium
474 3719 613 3791 spirituum
631 3718 769 3772 inhaesere
791 3716 926 3787 reliquiae,
940 3716 975 3771 ad
994 3723 1097 3772 tactum
1118 3716 1217 3770 sancti·

105 3803 177 3858 ficati
202 3802 252 3857 olei
276 3802 356 3873 hujus
379 3803 533 3858 abscedant.
579 3799 675 3855 Nullus
699 3799 862 3872 spiritulibus
886 3799 1012 3871 nequitiis
1034 3797 1116 3865 locus,
1141 3797 1216 3854 nulla

104 3886 201 3955 refugis
218 3885 360 3939 virtutibus
381 3886 416 3941 sit
436 3883 565 3953 facultas;
588 3882 661 3938 nulla
681 3883 865 3938 insidiantibus
887 3881 964 3936 malis
984 3880 1087 3935 latendi
1107 3880 1216 3937 licentia

105 3968 284 4039 relinquatnr;
315 3969 362 4024 sed
386 3968 553 4024 venientibus
578 3967 614 4021 ad
637 3967 718 4021 fldem
748 3967 833 4021 servis
857 3966 910 4021 tuis
934 3971 962 4020 et
985 3965 1071 4020 sancti
1103 3963 1215 4035 Spiritus

104 4053 256 4125 operatione
275 4052 434 4109 mundandis
455 4053 490 4107 sit
510 4051 643 4108 unctionis
664 4051 742 4122 hujus
757 4050 922 4123 praeparatio
941 4047 1011 4104 utilis
1029 4048 1064 4102 ad
1082 4047 1214 4115 salutem;
