2814 4816
408 349 473 397 rus
495 350 674 399 onarerma
698 351 883 401 susurrans.
1134 333 1197 398 255

88 503 175 560 noctis
193 504 269 576 fugat
287 504 396 576 scelera,
417 506 510 578 culpas
532 508 613 578 lavat,
634 508 722 564 reddit
743 509 923 566 innocentiam
945 507 1026 581 lapsis
1047 515 1073 565 et
1092 508 1201 566 mamus

85 587 215 644 laetitiam
227 610 234 659 ;
252 590 327 661 fugat
339 589 408 659 odia,
422 590 592 647 concordiam
604 599 689 664 parat,
702 601 731 648 et
743 601 839 648 curvat
850 592 968 665 imperia.

139 671 174 725 In
196 671 277 744 hujus
298 672 378 743 igitur
399 672 485 729 nocue
505 674 599 745 gratia,
620 675 731 747 suscipe,
755 681 847 730 sancte
868 675 955 743 Pater,
978 673 1097 731 incensi¹
1119 674 1200 745 hujus

85 753 245 809 sacrificinm
270 755 461 827 vespertinum,
483 756 555 828 quod
579 757 629 812 tibi
649 758 677 813 in
699 758 749 812 hac
771 757 841 812 cerei
864 755 998 812 oblatione
1020 756 1131 812 solemni
1151 775 1200 829 per

86 835 268 891 ministrorum
287 854 381 892 manus
399 837 433 893 de
451 839 575 910 operibus
593 855 673 911 apum
689 845 860 895 sacrosancta
876 837 965 894 reddit
979 838 1107 895 Ecclesia
1145 839 1198 895 sed

79 917 140 990 jem
161 920 301 974 columnae
323 919 402 990 hujus
422 922 564 992 praeconia
582 922 705 977 novimus
723 939 804 993 quam
822 922 850 976 in
868 919 998 976 honorem
1017 921 1069 976 Dei
1086 921 1198 978 rutilans

84 1002 154 1073 ignis
174 1003 312 1071 accendit3
337 1004 383 1074 qui
403 1003 467 1059 licet
487 1005 588 1060 divisus
608 1005 637 1059 in
658 1012 748 1078 partes
769 1005 883 1060 mutuati
904 1003 1013 1059 luminis
1037 1003 1199 1060 detrimenta

84 1104 138 1142 non
156 1088 242 1145 novit.
278 1087 367 1145 Alitur
383 1088 545 1160 liquantibus
563 1089 638 1158 ceris,
657 1107 723 1162 quas
740 1090 768 1145 in
780 1088 958 1146 substantiam
975 1090 1107 1162 pretiosae
1119 1089 1198 1162 hujus

81 1168 214 1243 lampadis
226 1172 285 1244 apis
298 1178 385 1227 mater
396 1172 498 1229 eduxit.

138 1255 225 1326 Apie²
249 1257 360 1311 caeteris
388 1273 456 1327 quae
480 1257 601 1327 subjecta
625 1263 688 1313 sunt
712 1257 812 1314 homini
842 1257 1022 1314 animantibus
1051 1259 1196 1317 annana

83 1335 153 1391 Cum
173 1340 209 1393 sit
229 1339 339 1394 minima
359 1340 477 1412 corporis
498 1336 638 1412 parvitate,
661 1341 784 1412 ingentes
805 1341 908 1396 animos
927 1348 1041 1412 angusto
1058 1343 1196 1406 versatin

84 1424 207 1489 pectore3
233 1421 335 1476 viribus
359 1422 501 1490 imbecilla,
526 1422 574 1478 sed
598 1423 673 1478 sortis
697 1424 813 1495 ingenio.
849 1423 944 1494 Ηιιίει,8
967 1423 1105 1496 explorate
1128 1430 1196 1480 tem·

83 1517 179 1572 porum
195 1503 262 1572 vice,
280 1521 341 1560 oum
359 1505 483 1561 canitiem
501 1507 628 1578 pruinosa
644 1507 765 1578 hyberna
779 1507 917 1581 posuerint
927 1514 955 1563 et
966 1505 1077 1579 glaciale
1090 1512 1195 1563 senium

83 1586 158 1640 verni
176 1588 303 1658 temporis
320 1589 488 1646 moderatio⁴
506 1590 653 1660 deterserit,
673 1591 764 1647 staunn
783 1590 930 1664 prodeundi
947 1591 983 1645 ad
1000 1590 1119 1648 laborem
1131 1608 1195 1647 cura

81 1668 218 1734 succedit;
248 1671 433 1745 dispersaeque
453 1692 501 1746 per
529 1693 615 1746 agros,
639 1675 763 1730 libratie⁶
790 1673 928 1746 paululum
953 1674 1051 1746 pinnis,
1075 1674 1195 1730 cruribus

80 1753 215 1823 suspensis
242 1754 369 1824 insidunt,
395 1758 491 1828 parte⁰
518 1776 564 1814 ore
591 1759 679 1829 legere
707 1759 838 1827 flosculos,
865 1759 1009 1813 oneratae¹
1036 1757 1195 1815 victualibus

78 1833 134 1888 suis
169 1835 204 1891 ad
240 1846 328 1894 castre
363 1847 503 1912 remeant3
541 1841 630 1913 ibique
667 1842 735 1897 eliae
771 1840 963 1896 inaestimabili
993 1847 1051 1895 arte
1081 1840 1192 1896 cellulae

81 1919 172 1974 tenaci
195 1918 298 1991 glutino
328 1923 470 1992 instruunt,
499 1924 567 1980 aliae
597 1923 727 1995 liqrmntia
757 1924 838 1978 mella
865 1923 973 1994 stipant,
994 1922 1062 1977 eliae
1083 1930 1193 1978 vertunt

82 1998 161 2055 flores
178 2000 206 2056 in
225 2020 323 2071 nemin,
342 2004 411 2060 eliae
435 2023 480 2060 ors
505 2015 582 2062 natos
607 2007 717 2077 fingunt,
742 2005 811 2060 aliae
836 2003 954 2060 collectis
975 2021 990 2059 e
1011 2002 1081 2058 soliis
1101 2008 1193 2059 nectar

79 2084 229 2144 includunt.
266 2088 372 2145 Overe
392 2091 470 2145 beata
491 2097 519 2145 st
538 2090 668 2145 mirabilis
687 2089 758 2160 apiel
795 2089 877 2160 cujus
898 2104 948 2144 nec
968 2104 1063 2142 sexum
1080 2086 1191 2142 masculi

79 2166 189 2237 violant,
202 2170 290 2226 foetus
308 2189 363 2227 non
379 2180 514 2243 quassant,
527 2190 577 2228 nec
595 2171 641 2227 filii
654 2172 796 2226 destruunt
808 2171 973 2228 castitatem!
1012 2169 1089 2225 Sicut
1099 2178 1191 2225 sancta

78 2253 201 2324 concepit
211 2254 286 2325 virgo
298 2256 400 2311 Maria:
419 2257 493 2327 virgo
505 2256 608 2328 peperit
619 2262 647 2311 et
658 2256 734 2326 virgo
744 2254 898 2326 permansit.

133 2334 231 2391 Overe
243 2336 321 2393 beata
334 2355 396 2406 nox,
408 2356 476 2410 quae
493 2338 639 2410 expoliavit
650 2337 807 2410 Aegyptios,
820 2336 916 2391 ditavit
930 2334 1080 2392 Hebraeosl
1117 2335 1189 2402 Nox,

77 2418 105 2473 in
118 2437 170 2491 qua
182 2421 295 2476 terrenis
307 2421 432 2477 caelestia
440 2422 603 2494 junguntur!

131 2509 244 2564 Oramus
268 2516 304 2577 te,
329 2509 454 2578 Domine,
477 2515 508 2564 ut
532 2526 626 2564 cereus
649 2508 700 2563 iste
723 2507 751 2562 in
776 2508 904 2563 bonorem
929 2504 1043 2561 nominis
1064 2504 1102 2559 tui
1125 2521 1187 2559 con-

76 2598 204 2661 secretus,
223 2593 257 2647 ad
275 2594 361 2649 noctis
379 2594 458 2664 hujus
478 2591 618 2662 caliginem
640 2590 828 2645 destruendam
850 2589 1006 2645 indeficiens
1027 2595 1188 2659 perseveret,

80 2678 155 2728 etin
174 2674 285 2729 odorem
302 2676 441 2730 suavitatis
457 2680 582 2746 acceptus
594 2673 715 2745 supemis
726 2672 901 2727 luminaribus
913 2673 1062 2728 misceatur.
1100 2669 1190 2726 Flam-

76 2774 135 2811 mas
157 2757 215 2828 ejus
235 2757 342 2812 Lucifer
362 2757 508 2812 matutinus
530 2757 661 2824 inveniat;
687 2754 739 2822 ille,
759 2755 874 2826 inquam,
898 2754 1011 2822 Lucifer,
1033 2754 1080 2826 qui
1102 2753 1188 2808 nescit

75 2857 215 2908 occasum
235 2839 287 2910 ille,
300 2839 344 2911 qui
358 2856 492 2910 regressus
504 2838 539 2893 ab
552 2839 641 2893 inferis
653 2838 771 2892 humano
784 2837 875 2908 generi
888 2853 997 2893 serenus
1009 2835 1115 2892 inluxit.

125 3120 133 3148 ¹
153 3119 250 3171 lacessi
272 3119 320 3170 has
336 3120 398 3169 here
414 3135 431 3168 a
447 3118 586 3182 figurativo
608 3118 737 3181 meaning.
770 3117 828 3167 The
849 3119 1006 3184 sacrificium
1020 3121 1186 3184 vespertinam

73 3198 170 3247 incessi
180 3198 226 3260 (cf.
239 3199 280 3247 Pa.
294 3199 349 3257 itt,
361 3212 385 3248 v.
397 3197 460 3258 2)is
477 3197 588 3259 nothing
604 3196 658 3244 else
674 3195 739 3244 than
756 3193 802 3244 tha
820 3194 912 3244 candia
929 3195 1009 3245 itseli.
1042 3195 1100 3244 Tho
1117 3197 1185 3245 word

72 3277 177 3337 imai,
195 3277 320 3336 however,
337 3276 385 3325 hae
402 3276 481 3338 given
500 3274 586 3338 origin
604 3278 630 3323 to
650 3273 695 3322 tho
714 3288 848 3338 ceremony
867 3275 896 3322 of
916 3273 962 3323 the
981 3275 1032 3326 five
1051 3275 1140 3337 graias
1159 3275 1188 3322 ot'

74 3356 187 3415 incense,
199 3354 285 3405 which
301 3355 381 3418 being
397 3352 499 3403 bleseed
516 3351 636 3417 together
653 3351 718 3401 with
736 3351 781 3401 the
798 3366 854 3400 new
866 3350 920 3411 ilrc,
931 3368 975 3401 arc
991 3353 1053 3402 herc
1071 3352 1184 3401 inserted

73 3435 130 3483 into
141 3433 187 3483 the
198 3433 265 3498 body
276 3433 305 3482 oi
314 3433 359 3482 tha
371 3431 470 3481 candle.

122 3511 133 3540 ²
150 3511 216 3560 This
227 3511 322 3574 eulogy
332 3509 362 3559 oi
378 3508 424 3559 the
434 3508 490 3569 bec,
501 3507 551 3558 suu
566 3508 594 3557 oi
609 3507 742 3571 Virgilian
753 3507 958 3567 raminisocnces,
969 3508 993 3557 is
1009 3522 1042 3557 no
1053 3507 1143 3571 longer
1158 3512 1185 3556 to

73 3588 105 3637 bc
117 3588 198 3638 found
210 3589 238 3636 in
250 3586 296 3636 the
307 3589 364 3636 text
375 3600 432 3635 nors
444 3585 471 3633 in
483 3599 537 3634 nee.

123 3666 133 3695 ³
150 3665 228 3726 Hace,
239 3665 267 3714 in
278 3664 324 3714 the
336 3663 515 3727 manuscripts.

122 3744 132 3772 ⁴
149 3742 290 3802 Mortcvato,
300 3741 480 3804 manuscripta.

122 3824 132 3852 ¹
149 3820 276 3872 strats'm
284 3837 311 3886 p.
320 3820 447 3886 pausatae,
458 3818 636 3882 manuscripta.

123 3902 133 3931 ⁸
151 3901 259 3967 amcam
269 3902 313 3963 (a).

122 3978 131 4007 ³
151 3978 275 4039 anrotta,
291 3978 470 4041 manuscripts.
504 3975 657 4040 Something
680 3980 748 4026 must
770 3975 838 4026 havo
856 3975 937 4026 sallon
956 3981 1002 4026 out
1021 3976 1089 4028 hors.
1123 3978 1181 4028 Tho

72 4055 156 4106 whole
167 4072 275 4122 passage
286 4057 310 4107 in
322 4072 382 4120 very
394 4059 504 4120 corrupt.
