2814 4816
618 447 791 498 manuum.
1197 434 1261 499 503

149 601 231 660 Talis
258 609 307 661 est
332 603 414 662 enim
441 602 490 663 hia
517 606 713 667 eonsuetudo.
755 608 834 668 Essa
860 615 964 668 autem
991 628 1094 669 eorum
1121 609 1260 681 Quadra·

149 693 331 769 gesimamm
355 695 463 755 diebus
487 695 561 756 hseo
579 705 637 774 ast,
651 705 689 758 at
706 719 763 758 neo
785 719 905 778 panem,
925 701 1007 780 quod
1027 702 1175 763 liberaril
1196 723 1260 764 non

150 792 259 864 potest,
275 807 331 848 naa
344 789 443 849 oleum
456 797 592 868 gimtent,
606 811 662 852 nee
675 792 791 871 aliquid
811 795 892 872 quod
911 796 949 857 de
962 797 1121 856 arboribus
1134 803 1189 870 eat,
1206 797 1259 857 sed

151 886 273 941 tantum
287 903 367 962 aqua
379 890 413 943 et
426 885 592 946 sorbitione
605 886 722 947 modios
742 888 780 948 de
799 887 909 950 farina.
952 890 1259 970 Quadragesimarum

151 975 195 1034 sia
208 975 254 1048 fit,
269 983 305 1036 ut
319 977 459 1041 diximus.

213 1069 256 1128 Et
276 1071 424 1149 completo
443 1092 547 1135 earum
566 1075 804 1152 septimanarum
817 1078 940 1156 vigiliae
960 1080 994 1139 in
1012 1080 1168 1140 Anastase
1184 1087 1259 1140 sunt

152 1159 190 1220 do
203 1161 278 1222 hora
291 1164 442 1225 luoernari
456 1173 545 1226 sexta
562 1167 648 1240 feria,
664 1188 725 1247 qua
745 1170 783 1230 de
804 1171 887 1248 Syon
900 1173 1025 1233 venitur
1039 1193 1108 1233 enm
1128 1175 1261 1252 psalmis,

151 1275 245 1334 usque
273 1259 307 1317 in
332 1279 422 1319 mane
448 1263 584 1333 sabbato,
612 1281 675 1340 qua
700 1264 817 1325 oblatio
843 1266 880 1324 fit
906 1266 940 1324 in
968 1266 1134 1329 Anastase.
1177 1268 1258 1327 Item

149 1350 282 1411 seounda
295 1354 466 1430 septimana
479 1362 512 1413 et
525 1356 621 1414 tertia
634 1363 667 1415 et
679 1363 790 1435 quattu
800 1364 834 1417 et
847 1359 959 1435 quinta
971 1365 1005 1418 et
1017 1366 1106 1420 sexta
1119 1361 1260 1420 similiter

152 1442 233 1503 fiunt
246 1450 283 1504 ut
296 1446 395 1521 prima
407 1446 446 1507 do
459 1446 715 1525 Quadragesimis.

693 1857 734 1917 V.

314 2076 409 2138 Hosa
430 2074 536 2136 Waan
557 2093 622 2137 auo
641 2093 705 2136 nna
725 2077 893 2138 Fssmvans
913 2094 952 2138 an
973 2077 1103 2139 Emesa.

238 2320 263 2378 l.
285 2317 434 2396 Satarday
454 2316 551 2394 before
572 2315 662 2378 Pata
680 2315 968 2395 Studeas—Statim
986 2324 1018 2376 ot
1037 2315 1181 2394 Battaoy.

212 2523 348 2603 Septima
367 2532 470 2586 autem
491 2527 663 2604 septimana
683 2545 751 2584 oum
771 2526 899 2598 venerit,
922 2523 955 2584 id
982 2531 1030 2584 est
1050 2524 1172 2603 quando
1197 2525 1260 2601 jam

151 2617 211 2678 due
239 2627 385 2698 superant
408 2640 475 2679 cum
503 2622 569 2698 ipsa
595 2627 633 2679 ut
656 2617 773 2678 Pascha
796 2620 848 2691 sit,
871 2619 998 2697 singulis
1025 2619 1133 2678 diebus
1160 2619 1262 2676 omnia

152 2713 274 2791 quidem
288 2715 331 2773 sio
344 2720 479 2792 aguntur
500 2715 579 2773 siout
593 2719 625 2772 et
639 2713 748 2773 ceteris
767 2715 944 2790 septimanis
965 2733 1042 2790 quae
1062 2713 1262 2772 transierunt.

152 2812 375 2872 Tantummodo
394 2812 474 2889 quod
489 2812 611 2889 vigiliae
631 2829 708 2888 quae
727 2811 761 2868 in
781 2810 842 2869 illis
861 2811 1040 2887 septimanis
1060 2810 1094 2868 in
1107 2809 1263 2868 Anastase

150 2903 250 2963 factae
264 2911 347 2977 sunt,
361 2905 492 2981 septima
506 2909 608 2962 autem
622 2904 793 2981 septimana
812 2902 844 2961 id
863 2912 910 2962 est
928 2910 1017 2962 sexta
1030 2903 1116 2975 feria,
1131 2903 1164 2960 in
1179 2902 1262 2979 Syon

151 2997 231 3055 fiunt
251 2997 371 3074 vigiliae
390 2999 482 3072 Juxta
501 2997 757 3069 eonsuetudinem
780 3016 816 3055 aa
836 3015 914 3074 quae
934 2996 968 3054 in
986 2997 1141 3055 Anastase
1161 2994 1263 3054 factae

151 3097 224 3149 sunt
247 3110 301 3169 per
323 3110 376 3149 sax
400 3091 594 3168 septimanas.
638 3091 793 3151 Dicuntur
820 3098 923 3150 autem
951 3092 1011 3150 toti
1038 3091 1167 3169 singulis
1194 3091 1261 3168 apti

148 3185 258 3262 psalmi
271 3203 398 3262 semper,
415 3185 465 3244 vel
479 3185 675 3262 antiphonae,
689 3196 755 3243 tam
768 3186 833 3245 loeo
847 3205 937 3263 quam
951 3185 1021 3244 diei.

211 3280 256 3338 At
280 3280 333 3339 ubi
355 3286 458 3338 autem
482 3281 598 3357 ceperit
618 3300 651 3338 ae
672 3300 762 3339 mane
784 3281 885 3340 facero
907 3281 1035 3340 sabbato
1056 3280 1259 3351 illuoesoente,

148 3373 254 3433 offeret
264 3374 428 3452 episeopus,
444 3380 476 3433 et
489 3373 564 3432 facit
577 3373 770 3446 oblationem,
785 3394 874 3433 mane
887 3375 1022 3451 sabbato.
1065 3372 1087 3434 J
1089 3393 1138 3431 am
1152 3380 1189 3432 ut
1203 3374 1260 3432 fiat

151 3468 249 3540 missa,
265 3468 365 3526 mittit
379 3487 482 3527 vooam
495 3468 733 3541 archidiaoonus,
743 3476 776 3528 et
790 3469 884 3529 dicit:
907 3469 1050 3528 “Omnes
1071 3469 1161 3528 hodie
1182 3469 1259 3529 hora

149 3562 280 3637 septima
293 3562 327 3620 in
341 3562 467 3621 Lanario
480 3563 581 3640 parati
600 3562 720 3622 simua.''
761 3563 875 3622 Aesis
898 3581 970 3640 ergo
994 3582 1063 3621 oum
1087 3563 1203 3639 oeperit
1225 3582 1259 3623 se

149 3655 224 3714 hora
246 3657 376 3734 septima
399 3656 507 3729 faeere,
535 3676 640 3717 omnes
662 3656 701 3716 ad
729 3656 889 3716 Lazarium
916 3657 1056 3717 veniunt.
1098 3655 1259 3718 Lanarium

198 3903 206 3935 ¹
222 3901 309 3953 There
323 3902 353 3963 is,
364 3901 510 3968 perhaps,a
524 3901 672 3966 corruption
687 3900 716 3952 of
730 3900 777 3952 tho
793 3901 851 3951 text
866 3899 942 3957 here;
961 3897 1008 3950 but
1020 3898 1034 3948 1
1045 3896 1078 3949 do
1088 3901 1134 3950 not
1144 3914 1187 3951 see
1199 3900 1259 3965 why

143 3982 249 4033 liberari
264 3979 360 4032 should
375 3981 407 4032 be
423 3979 553 4031 eorreoted
568 3980 625 4031 into
641 3979 740 4041 latrari,
750 3993 780 4029 as
796 3977 852 4042 Sig.
863 3976 1015 4028 Gamurrini
1029 3975 1077 4026 has
1092 3974 1167 4027 done.
1200 3976 1258 4027 'Pha

144 4074 216 4110 sama
233 4058 318 4111 editor
336 4058 384 4109 has
402 4061 452 4124 put
472 4058 550 4109 lower
570 4056 646 4111 down
661 4056 795 4124 Jsjom'om
813 4056 900 4108 bosora
919 4054 1185 4121 Quodeoaamram.
1216 4055 1259 4107 On

146 4136 220 4189 these
231 4135 305 4198 fests,
316 4150 395 4201 saep.
407 4136 497 4198 mat
508 4151 558 4201 uoq.
