2814 4816
142 419 206 484 460
250 433 430 484 caulem
452 432 622 482 woasurr:
647 433 699 482 irs
720 433 838 483 omum
861 433 931 483 auo
952 431 1159 482 avenarios.

141 591 239 652 tradit
265 612 317 652 eas
344 613 364 651 a
389 590 573 652 subdiacono
600 590 767 668 regionario
797 596 831 650 et
865 591 929 669 ipse
961 592 1095 670 porrigit
1132 609 1187 649 aaa
1220 587 1259 648 ad

143 684 398 758 archidiaconum,
432 690 465 745 et
497 704 536 744 ex
569 703 621 743 cas
654 683 730 743 iacit
763 691 828 744 tres
861 692 918 744 aut
945 684 985 747 V.
1014 685 1144 745 ordines
1173 701 1262 760 nuper

143 777 250 851 altare,
289 785 413 839 tantum
450 784 487 837 ut
525 777 656 836 sufficiat
692 777 803 855 populo
840 783 873 836 et
905 777 1018 838 exinde
1052 779 1088 836 in
1124 776 1261 837 crastino

144 880 312 947 remaneat,
346 872 512 932 secundum
546 871 761 931 auctoritatem
803 871 988 935 canonicam.
1047 871 1091 931 Et
1135 870 1260 930 interim

144 974 288 1028 teneatur
307 968 386 1027 calix
404 988 424 1026 a
442 966 627 1027 subdiacono
645 967 826 1044 regionario,
842 973 875 1026 et
893 968 1003 1045 accipit
1022 966 1261 1027 archidiaconns

145 1067 247 1125 amula
266 1066 420 1144 pontificis
440 1065 479 1124 de
498 1085 591 1124 manu
612 1065 811 1124 oblationaris
831 1071 863 1123 et
884 1064 1036 1125 devacuat
1057 1085 1094 1123 ea
1117 1066 1156 1124 in
1174 1064 1262 1123 calice

145 1167 260 1232 sancto,
288 1160 430 1219 similiter
458 1159 606 1217 ammulas
633 1159 880 1235 presbyterorum
907 1178 960 1218 acu
987 1165 1021 1217 et
1053 1159 1261 1219 diaconorum

147 1253 267 1311 Deinde
286 1259 373 1313 tenet
392 1253 594 1312 subdiaconus
613 1252 792 1311 colatorium
810 1272 902 1329 super
921 1253 1045 1311 calicem
1066 1260 1100 1312 et
1123 1253 1262 1312 mittitur

146 1347 184 1405 de
198 1349 270 1406 vino
284 1348 364 1425 quod
383 1348 482 1406 estin
501 1345 586 1405 sciffo
599 1365 674 1423 quos
692 1345 781 1405 offert
800 1346 937 1424 populus.
980 1346 1105 1406 Deinde
1119 1354 1262 1425 portatur

145 1461 293 1518 aquarum
314 1440 352 1499 de
373 1441 454 1500 scola
473 1439 591 1499 iontem
613 1459 680 1499 cum
701 1459 780 1518 aqua
800 1439 923 1512 munda,
945 1444 978 1498 et
998 1438 1095 1499 datur
1118 1438 1163 1498 ad
1186 1439 1264 1499 aba

146 1539 320 1609 cionarium,
343 1544 376 1597 et
395 1537 617 1597 oblacionarius
638 1536 767 1614 porrigit
788 1554 855 1594 eam
879 1534 1102 1609 archidiacono,
1131 1542 1169 1595 et
1191 1535 1263 1594 iacit

146 1651 265 1690 crucem
295 1630 335 1690 de
361 1649 441 1708 aqua
468 1631 501 1688 in
529 1629 641 1688 calicae
667 1635 781 1700 sancto,
811 1635 938 1689 tenente
965 1650 984 1687 a
1011 1627 1209 1690 subdiacono
1233 1630 1264 1689 in

147 1725 256 1785 dextro
283 1744 376 1786 cornu
404 1725 522 1783 altaris,
565 1721 687 1783 Deinde
709 1721 867 1782 descendit
890 1723 1031 1802 pontifex
1056 1746 1076 1784 a
1100 1725 1180 1786 aede
1202 1744 1262 1796 sua.

147 1819 270 1879 veniens
290 1825 363 1878 ante
383 1820 489 1891 altare,
512 1823 545 1876 et
567 1817 675 1895 recipit
701 1816 931 1877 archidiaconus
957 1817 1081 1878 oblatas
1110 1821 1264 1898 pontificia

146 1932 166 1970 a
185 1911 370 1971 subdiacono
390 1911 595 1971 oblacionario
616 1915 648 1969 et
670 1909 769 1968 tradit
791 1930 843 1970 eac
865 1911 1010 1988 pontifici,
1038 1918 1072 1972 et
1097 1915 1195 1993 ponit
1216 1933 1265 1974 aaa

146 2004 285 2083 pontifex
312 2024 403 2084 super
430 2005 539 2065 altare.
595 2002 638 2061 Et
672 2003 781 2081 recipit
815 2004 1049 2066 archidiaconus
1082 2008 1217 2068 calicem
1246 2028 1264 2066 a

147 2098 331 2159 subdiacono
344 2104 377 2157 et
390 2097 478 2175 ponit
492 2115 563 2157 eum
577 2115 667 2174 super
680 2095 788 2156 altare.

209 2191 252 2250 Et
279 2191 390 2250 annuit
417 2188 558 2269 pontifex
586 2189 668 2249 scola
694 2195 732 2249 ut
755 2189 874 2250 iaciant
898 2191 1007 2265 finem;
1036 2199 1070 2251 et
1095 2195 1265 2255 revertitur

147 2287 229 2345 scola
252 2286 361 2344 subtus
384 2284 500 2344 tabula.
551 2283 591 2342 In
615 2282 730 2342 Natale
754 2281 878 2343 Domini
904 2284 969 2345 sive
994 2285 1029 2344 iu
1057 2285 1265 2367 Aepyphania

148 2387 180 2439 ot
214 2380 248 2438 in
282 2378 418 2437 Sabbata
451 2384 558 2437 sancto
588 2396 642 2437 seu
673 2378 707 2436 in
738 2377 902 2437 Dominica
927 2385 1037 2438 sancta
1063 2386 1100 2439 et
1130 2382 1168 2442 in
1194 2383 1265 2442 faria

148 2472 291 2542 secunda,
314 2472 348 2530 in
369 2471 508 2530 Accensa
531 2471 656 2531 Domini
678 2471 766 2530 etin
789 2471 992 2533 Pentecosten
1019 2472 1069 2532 vel
1098 2475 1137 2534 in
1166 2475 1266 2535 natale

148 2566 249 2625 sancti
275 2565 362 2624 Petri
389 2571 422 2623 et
449 2565 550 2623 sancti
577 2562 676 2637 Pauli,
706 2570 793 2624 stant
821 2566 953 2644 episcopi
983 2572 1055 2645 post
1088 2568 1264 2645 pontificem

149 2660 298 2719 inclinato
320 2658 429 2736 capite,
453 2660 617 2736 presbiteri
637 2679 710 2719 vero
731 2659 843 2719 dextra
864 2662 990 2740 levaque
1009 2667 1043 2720 et
1063 2666 1161 2722 tenet
1181 2680 1265 2722 nnus

149 2756 276 2834 quisque
303 2754 457 2831 corporale
483 2754 518 2813 in
537 2774 629 2813 manu
651 2773 716 2826 sua,
737 2758 771 2812 et
791 2752 906 2815 dantur
926 2755 970 2814 eis
990 2755 1030 2814 ab
1049 2753 1267 2817 archidiacono

149 2851 269 2910 oblatas
290 2848 367 2908 duas
392 2847 431 2906 ad
456 2846 737 2928 unumquemque‚⁰’
767 2854 801 2906 et
828 2848 905 2908 dicit
931 2847 1072 2926 pontifex
1104 2868 1208 2910 canon
1232 2854 1266 2911 ni

149 2943 294 3003 audiatur
327 2945 367 3005 ab
401 2944 455 3015 eis,
490 2947 522 3002 et
556 2943 811 3004 sanctificantur¹
839 2941 1011 3002 oblaciones
1038 2962 1120 3022 quas
1148 2948 1265 3015 teum

149 3038 229 3096 sicut
249 3042 282 3096 et
301 3034 465 3115 pontifex²
486 3080 494 3095 .
518 3079 525 3094 .
547 3082 555 3098 .
577 3035 726 3095 inclinato
746 3037 847 3115 capite
866 3041 936 3112 post
958 3036 1118 3117 episcopos
1143 3045 1180 3099 et
1202 3038 1268 3099 sub·

151 3131 272 3192 diaconi
282 3130 312 3170 ‘¹¹'
345 3137 420 3191 ante
446 3131 545 3207 ipsum
573 3130 722 3190 inclinato
752 3131 854 3209 capite
874 3128 916 3188 ad
939 3130 1050 3202 altare,
1071 3131 1269 3211 usquedum

150 3226 227 3286 dicit
253 3223 344 3286 Nobis
370 3245 488 3306 quoquc.
540 3224 584 3282 Et
608 3225 634 3283 si
658 3225 713 3284 isti
736 3223 800 3284 dies
824 3223 971 3302 solempni
995 3244 1058 3283 non
1081 3233 1171 3300 aunt,
1197 3223 1269 3284 dum

150 3320 231 3379 calix
249 3321 374 3397 ponitur
393 3339 486 3398 supra
504 3319 613 3390 altare,
628 3323 825 3378 revertuntur
841 3316 1002 3396 presbiteri
1018 3319 1053 3378 in
1066 3320 1271 3397 presbiter-im

151 3414 291 3474 similiter
310 3419 343 3474 et
361 3414 440 3475 alius
458 3413 557 3474 clerus
574 3413 740 3472 revertitur
755 3413 866 3474 subtus
879 3412 1004 3488 tabula3
1024 3419 1058 3474 et
1070 3413 1102 3474 si
1116 3413 1271 3477 dominica

586 3656 617 3726 (i)
636 3670 780 3726 unumque.

578 3739 618 3810 (ii)
637 3736 823 3795 subdiaconos.

201 3980 209 4010 ¹
227 3979 279 4029 For
289 3979 458 4043 mortificant.

199 4057 210 4089 ²
227 4055 381 4120 Something
401 4056 426 4106 ia
442 4054 559 4120 wanting
580 4053 651 4106 here.
684 4052 732 4104 We
753 4054 824 4106 munt
841 4050 903 4116 add,
918 4048 1058 4117 tumidius
1080 4053 1113 4105 to
1134 4053 1273 4121 Halillcu,

153 4133 222 4187 Ordo
232 4132 265 4197 L,
274 4132 424 4199 something
435 4130 491 4185 like
501 4131 612 4186 Dr’ccoat
622 4145 679 4183 coro
688 4133 766 4183 aaut.
