2814 4816
621 413 794 465 nrrnnnrx.
1204 387 1269 454 517

156 576 192 628 ut
218 568 280 630 diei
304 580 335 631 et
367 571 431 632 ioco
461 573 666 648 conveniunt;
694 571 808 649 legitur
839 570 933 630 etiam
966 573 999 628 et
1028 566 1080 625 ille
1112 563 1195 622 iocus
1224 561 1263 621 de

155 665 319 742 evangelio,
343 668 397 727 nbi
418 666 495 728 dicit
514 667 553 727 de
580 686 705 726 ascensu
731 666 874 742 Domini;
903 664 1017 741 legitur
1040 667 1073 721 et
1094 659 1195 719 denno
1222 654 1262 716 de

155 758 255 818 Actus
279 763 482 839 apostolorum
503 762 556 823 nbi
580 761 656 822 dicit
674 762 713 821 de
736 781 863 821 ascensu
882 760 1007 820 Domini
1030 758 1064 817 in
1082 756 1173 816 caelis
1193 759 1264 832 post

155 855 413 917 resurrectionem.
463 854 541 916 Cum
562 861 664 915 antem
684 856 741 915 hoc
768 857 884 914 factum
910 853 1016 926 fuerit,
1040 850 1263 911 benedicuntur

154 949 366 1024 cathecumini,
381 953 424 1010 sie
438 951 541 1011 fideles
550 975 559 1028 3
580 957 613 1011 et
633 951 709 1011 hora
729 952 793 1028 jam
815 969 895 1010 nona
918 948 1114 1008 descenditur
1133 945 1214 1017 inde,
1229 950 1262 1004 et

153 1061 221 1100 cum
243 1046 344 1121 ymnis
358 1045 422 1104 itur
440 1045 481 1104 ad
497 1046 580 1105 illam
599 1046 763 1118 ecclesiam,
780 1064 857 1123 quae
878 1049 911 1104 et
933 1045 999 1120 ipsa
1017 1042 1050 1100 in
1070 1040 1185 1099 Eleona
1203 1043 1261 1110 est,

154 1135 185 1193 id
207 1139 308 1197 estin
331 1159 392 1218 qua
409 1141 552 1217 spelunca
570 1140 676 1199 sedens
694 1139 823 1200 docebat
844 1138 993 1198 Dominus
1010 1135 1168 1214 apostolos.
1211 1133 1262 1191 Ibi

153 1237 255 1290 autem
283 1254 351 1293 oum
373 1242 498 1295 ventum
519 1236 623 1308 fuerit,
648 1237 712 1312 jam
733 1241 782 1295 est
803 1234 878 1293 hora
899 1232 968 1310 plus
992 1230 1128 1307 decime3
1159 1229 1197 1288 fit
1218 1228 1262 1286 ibi

151 1327 316 1403 lucernare,
346 1330 382 1389 iit
409 1332 516 1405 oratio,
542 1329 766 1391 benedicuntur
794 1327 1006 1400 cathecumini,
1032 1332 1065 1386 et
1086 1326 1129 1384 aio
1157 1322 1262 1384 fideles

153 1423 252 1482 etiam.

526 1745 571 1826 (d)
593 1744 683 1824 Niytr
701 1743 878 1805 Proceea'oa.

211 1910 290 1972 Inde
304 1912 497 1974 descenditur
518 1934 586 1973 enm
606 1915 706 1993 ymnis
726 1915 823 1975 omnis
843 1913 973 1993 populus
990 1930 1085 1990 usque
1103 1909 1142 1969 ad
1164 1930 1259 1972 unum

151 2006 211 2064 toti
224 2026 292 2065 cum
306 2009 452 2086 episcopo,
466 2027 572 2086 ymnos
593 2009 729 2068 dicentes
743 2009 792 2069 vel
808 2007 992 2085 antiphonas
1006 2012 1095 2084 aptas
1109 2006 1170 2065 diei
1182 2006 1260 2083 ipsi3

149 2099 192 2157 sie
216 2101 340 2160 venitur
361 2101 445 2160 lente
466 2107 498 2160 et
525 2100 609 2160 lente
629 2121 724 2180 nsque
744 2100 783 2160 ad
813 2100 1010 2178 Martyrium.
1054 2097 1131 2158 Onm
1155 2106 1259 2158 autem

149 2194 325 2269 pervenitur
347 2194 386 2253 ad
419 2202 539 2272 portam
573 2196 718 2268 civitatis,
751 2195 816 2273 jam
850 2213 911 2253 nox
946 2200 1001 2266 est,
1038 2199 1071 2252 et
1099 2199 1259 2252 occurrent

149 2285 292 2345 candelae
305 2287 524 2346 ecclesiastieae
538 2288 586 2347 vel
601 2287 789 2368 ducent[a]e,
804 2294 929 2366 propter
942 2287 1063 2366 populo.
1107 2285 1154 2345 De
1168 2294 1258 2363 porta

150 2386 261 2453 autem,
287 2383 427 2458 quoniam
450 2383 525 2441 satis
548 2389 596 2442 est
619 2402 716 2461 neque
737 2382 776 2441 ad
801 2382 925 2441 ecelesia
949 2381 1071 2460 majore,
1095 2380 1125 2439 id
1148 2379 1258 2439 estad

149 2473 345 2551 Martyrium,
375 2494 465 2553 porro
498 2475 574 2534 hora
605 2477 703 2535 noctis
733 2475 862 2535 forsitan
897 2475 1030 2533 secunda
1063 2474 1259 2552 pervenitur3

149 2573 220 2649 quia
247 2573 329 2632 lente
362 2581 395 2632 et
426 2575 509 2633 lente
534 2575 598 2634 itur
634 2580 744 2646 totum,
772 2593 828 2652 pro
854 2574 974 2651 populo,
1010 2592 1050 2632 ne
1086 2573 1257 2650 fatigentur

147 2670 282 2748 pedibus.
326 2671 369 2730 Et
395 2674 508 2750 apertis
535 2673 632 2731 belvis
654 2671 825 2750 majoribus,
850 2691 928 2750 qnae
949 2677 1023 2731 sunt
1043 2671 1082 2730 de
1105 2672 1257 2750 quintana

147 2775 244 2847 parte,
263 2771 361 2829 omnis
383 2772 511 2849 populus
533 2772 632 2830 intrat
653 2772 685 2829 in
708 2771 895 2849 Martyrium
917 2789 984 2829 cum
1006 2771 1107 2847 ymnis
1127 2776 1160 2829 et
1179 2769 1258 2846 epis-

148 2886 229 2945 copo.
273 2868 408 2945 Ingressi
434 2875 536 2928 autem
563 2870 598 2928 in
624 2869 758 2941 ecclesia,
782 2869 928 2929 dicuntur
955 2870 1051 2946 ymni,
1084 2868 1121 2927 fit
1148 2868 1257 2940 oratio,

147 2961 368 3021 benedicuntur
382 2962 594 3036 cathecumini,
608 2962 651 3022 sic
673 2962 785 3035 fideles,
808 2962 932 3022 atinde
953 2961 1053 3021 denuo
1073 2981 1141 3020 eum
1155 2961 1257 3039 ymnis

146 3057 212 3114 itur
234 3056 273 3115 ad
296 3058 458 3118 Anastase.
501 3058 649 3117 Similiter
670 3056 709 3116 ad
732 3057 885 3117 Anastase
907 3077 975 3116 oum
997 3063 1123 3116 ventum
1150 3055 1256 3128 fuerit,

146 3148 292 3207 dicuntur
314 3149 400 3226 ymni
419 3169 473 3208 seu
495 3148 688 3226 antiphonae,
712 3150 748 3208 fit
775 3149 884 3222 oratio,
911 3147 1134 3208 benedicuntur
1154 3146 1255 3206 cathe-

146 3242 268 3314 cumini,
289 3242 333 3300 sie
360 3242 481 3316 fideles;
509 3242 648 3303 similiter
672 3243 787 3303 fiatad
811 3242 947 3303 Crucem.
990 3242 1034 3300 Et
1057 3241 1156 3301 denuo
1182 3241 1255 3300 inde

145 3335 243 3395 omnis
264 3336 392 3413 populus
416 3336 601 3397 christianus
625 3357 720 3416 nsque
747 3337 786 3396 ad
809 3356 903 3396 unum
926 3355 994 3394 curn
1014 3336 1115 3414 ymnis
1137 3334 1255 3394 ducunt

145 3429 315 3507 episcopum
338 3448 433 3508 usqne
455 3431 494 3489 ad
517 3430 608 3507 Syon.
651 3430 717 3491 Ubi
740 3450 808 3490 cnm
832 3436 958 3490 ventum
980 3429 1084 3502 fuerit,
1109 3430 1254 3506 leguntur

144 3523 290 3583 lectiones
321 3531 418 3602 aptae,
456 3523 602 3584 dicuntur
628 3526 738 3604 psalmi
770 3526 818 3585 vel
852 3524 1045 3602 antiphonae,
1081 3524 1118 3583 fit
1144 3525 1252 3597 oratio,

145 3617 368 3678 benedicuntur
389 3618 599 3694 cathecumini,
622 3627 654 3680 et
685 3622 728 3680 sic
749 3621 862 3692 fideles,
889 3627 922 3680 et
949 3621 987 3679 fit
1013 3622 1111 3679 missa
1155 3619 1252 3680 Missa

144 3718 248 3772 autem
274 3713 359 3771 facta
379 3713 527 3773 accedunt
549 3733 652 3775 omnes
674 3713 714 3774 ad
736 3735 859 3775 manum
879 3714 1018 3792 episcopi,
1040 3720 1072 3774 et
1092 3713 1135 3774 sio
1153 3731 1253 3774 rever·

144 3812 256 3866 tuntnr
291 3808 497 3886 unusquisque
527 3808 566 3867 ad
600 3808 721 3870 domum
751 3829 837 3869 suam
874 3808 967 3868 hora*
990 3808 1089 3868 noetis
1121 3807 1254 3868 forsitan

144 3903 250 3963 media.

205 4002 251 4062 Ac
269 4001 312 4061 sic
332 4021 404 4082 ergo
423 4004 572 4064 maximus
592 4005 678 4066 labor
697 4006 731 4063 in
751 4025 787 4066 ea
803 4006 853 4066 die
873 4005 1037 4082 suffertur3
1057 4007 1199 4086 quoniam
1213 4007 1253 4068 de

143 4097 227 4178 pullo
248 4095 347 4175 primo
365 4097 526 4174 vigilatum
549 4106 597 4159 est
618 4099 658 4159 ad
679 4099 843 4175 Anastase,
869 4107 902 4160 et
926 4101 998 4161 inde
1024 4121 1078 4180 per
1105 4109 1174 4163 tota
1201 4102 1251 4163 die
