2814 4816
609 331 784 382 muunix.
1189 319 1254 384 465

143 489 288 550 diaconus
301 490 446 562 stacione,
460 491 541 549 siout
553 507 619 548 moa
631 495 688 549 eat.
731 489 775 549 Et
788 490 917 549 veniunt
930 495 995 548 tam
1009 490 1141 568 episcopi
1162 510 1254 570 quam

145 589 307 665 presbiteri
334 589 373 648 ad
407 587 689 649 communicandum
716 595 793 647 ante
820 585 928 660 altare,
955 592 989 646 et
1015 587 1071 647 dat
1098 588 1256 666 episcopua

143 683 311 761 particulae
325 682 401 743 duaa
414 682 454 741 ad
467 683 598 760 primum
609 701 647 742 ex
661 681 723 740 illia
737 681 884 759 episcopis
897 681 1032 742 inmanu
1046 702 1123 754 sung
1144 688 1177 741 et
1190 683 1256 760 ipse

143 777 259 854 quiuis
280 777 400 854 accipit,
422 776 524 836 reddit
547 795 640 835 uncm
659 795 699 834 ex
717 776 780 834 illis
792 774 832 835 ad
854 794 924 834 eum
935 795 945 848 ;
964 781 997 835 et
1016 775 1082 853 ipse
1103 776 1257 853 particula

145 870 226 928 tenit
243 870 277 928 in
293 889 386 930 manu
399 870 510 930 dextra
523 888 618 948 usque
636 869 708 929 dum
723 869 948 928 communicent
967 869 1049 928 sicut
1067 889 1169 947 supra.
1212 870 1256 928 Et

145 970 220 1023 tuno
242 965 331 1041 ponit
352 983 459 1022 manue
484 983 575 1042 supra
600 964 708 1035 altare,
731 970 763 1023 et
780 964 982 1024 communicat
1006 964 1071 1041 ipae
1089 967 1142 1042 qui
1162 965 1255 1025 missa

144 1055 228 1117 fecit.
271 1056 392 1116 Deinde
405 1059 630 1117 communicant
644 1056 763 1117 diaconi
776 1063 809 1116 et
822 1058 1043 1117 confirmantur
1056 1058 1097 1116 ab
1115 1059 1255 1136 episcopo

144 1151 209 1209 eive
233 1171 252 1208 a
279 1150 447 1228 presbitero
467 1152 520 1230 qui
544 1151 629 1229 priua
650 1152 886 1212 communicavit
906 1159 941 1214 et
963 1152 1088 1213 calicem
1112 1157 1200 1212 tenet
1221 1160 1256 1213 et

145 1243 276 1321 complet
291 1243 393 1304 omnia
406 1245 486 1305 sicut
499 1263 592 1326 supra
605 1246 752 1323 scriptum
766 1250 823 1305 est.

685 1779 731 1842 ΙΙ.

298 2025 435 2098 Qualiter
456 2025 547 2087 Feria
574 2025 608 2090 V.
632 2024 728 2086 anne
748 2022 869 2084 Domini
888 2025 1031 2102 coendum
1050 2026 1097 2090 cit.

212 2273 316 2332 Media
336 2274 390 2331 illa
413 2279 504 2332 nocte
522 2272 718 2350 surgendum,
741 2293 797 2332 nec
813 2292 896 2333 more
913 2274 1005 2333 nolito
1024 2275 1106 2335 Deua
1125 2275 1158 2334 ic
1179 2276 1260 2355 adju·

150 2364 253 2424 tortum
275 2385 366 2425 meum
393 2385 449 2424 nec
471 2366 692 2438 invitatorium,
717 2366 769 2426 aed
794 2368 827 2424 in
853 2367 959 2444 primia
987 2386 1054 2426 oum
1083 2368 1260 2446 antiphonia

149 2459 216 2522 III.
240 2461 349 2538 psalmi
373 2467 518 2520 secuntur
529 2481 538 2534 ;
566 2459 675 2519 deinde
696 2454 850 2533 versuu5‘0
878 2479 933 2519 nec
949 2461 1099 2537 presbiter
1118 2459 1174 2521 det
1194 2482 1261 2521 ore-

150 2553 274 2612 cionem.
318 2554 439 2612 Deinde
459 2553 559 2630 surgit
580 2553 675 2613 lector
695 2552 734 2611 ad
755 2552 924 2630 legendum,
940 2560 974 2612 et
987 2573 1049 2613 non
1066 2561 1154 2632 petat
1171 2556 1261 2615 bene·

149 2647 321 2721 dictionem,
336 2655 369 2707 et
386 2668 449 2707 non
462 2647 539 2706 dicit
558 2645 603 2706 Tu
619 2654 714 2706 cotem
731 2645 863 2720 Domine,
878 2646 931 2706 aed
949 2667 987 2706 ex
1001 2647 1103 2706 verbio
1121 2648 1262 2709 leccionia

149 2743 238 2818 jubet
261 2745 343 2820 prior
361 2743 462 2802 iecere
479 2740 580 2802 finem.
623 2740 688 2800 ΙΙΙ.
707 2740 868 2820 [lectiones
886 2740 924 2800 de
943 2741 1162 2802 lamentatione
1183 2741 1260 2803 Hie·

150 2836 271 2909 remiae,
293 2835 399 2915 111.]¹
423 2836 462 2895 de
481 2841 621 2895 tractatu
639 2835 742 2895 nancti
762 2835 931 2913 Augustini
950 2836 985 2893 in
1004 2835 1120 2912 psalmo
1139 2835 1261 2897 Ecaudi

151 2928 191 2989 ad
218 2928 300 2990 Dete
327 2928 487 2989 oracionem
510 2949 602 2989 meam
628 2927 846 3002 contribulor,
873 2928 937 2989 111.
967 2929 1006 2988 de
1033 2929 1180 3007 Apoatolo
1207 2930 1261 2991 ubi

151 3027 197 3084 ait
218 3024 411 3085 Ocrinthioe:
439 3025 480 3084 Iit
503 3046 555 3104 eoo
577 3025 675 3105 occepi
698 3046 719 3085 a
739 3024 864 3086 Dmnioo
890 3026 966 3105 quod
988 3032 1017 3085 et
1039 3026 1151 3086 tradidi
1174 3026 1259 3088 vebia.

152 3118 267 3180 VHII.
307 3116 443 3200 [psalmi]
482 3139 550 3180 cum
584 3120 769 3198 antiphonis,
807 3119 924 3180 VIIII.
959 3119 1114 3197 lectiones,
1141 3120 1261 3183 VIIII.

151 3215 341 3293 responsoria
362 3214 504 3292 completi
523 3221 615 3287 sunt;
638 3222 671 3274 et
692 3235 754 3274 non
774 3216 851 3275 dicit
873 3214 977 3275 Gloria
1001 3235 1057 3274 neo
1081 3216 1115 3273 in
1138 3215 1261 3293 psalmis

151 3328 208 3367 nec
226 3309 259 3366 in
279 3307 485 3385 responsoriis.
527 3305 672 3385 Sequitur
695 3308 891 3367 matutinum.
933 3309 1092 3368 Matutino
1112 3310 1262 3387 completo

152 3422 213 3462 non
249 3400 326 3461 dicit
365 3399 462 3461 OEiirie
497 3399 612 3474 elciaco,
645 3401 698 3461 aed
729 3401 847 3463 vadunt
877 3422 931 3481 per
969 3403 1103 3463 oratoria
1136 3403 1261 3482 psalmia

151 3496 309 3577 psallendo
322 3515 391 3555 cum
405 3494 589 3573 antiphonis.

213 3591 253 3650 In
271 3589 375 3651 eedem
396 3589 455 3663 die,
468 3609 523 3650 ora
536 3587 585 3662 V„
603 3588 774 3667 procedunt
796 3590 835 3649 ad
851 3589 1007 3649 eccleciam
1029 3595 1062 3649 et
1083 3595 1208 3651 mutant
1229 3609 1262 3651 ee

663 3827 695 3896 (i)
714 3842 740 3880 u.

330 4058 337 4092 ¹
355 4059 369 4112 1
380 4059 476 4125 supply
487 4058 561 4111 thece
572 4057 663 4120 worda,
672 4056 726 4110 end
735 4056 792 4111 cleo
798 4058 902 4126 μαὶιιί,
913 4057 990 4110 lower
1000 4057 1087 4204 dm}

1106 4154 1130 4205 Η
