2814 4816
139 353 205 419 468
249 367 429 419 eumerus
452 366 622 417 worssrr:
646 366 698 416 1re
720 365 837 416 omem
860 366 930 416 sss
952 363 1157 415 svosurlon.

143 539 210 578 cum
231 521 408 600 antiphonis
428 528 460 581 et
485 522 701 600 responsoriis3
723 522 869 581 lectiones
892 520 956 581 III.
973 521 1011 581 de
1032 518 1263 580 lamentacione

146 614 328 690 Hieremiae,
342 616 406 675 111.
415 615 453 676 de
467 622 604 676 treetetu
614 617 713 675 semoti
721 616 892 694 Augustini
900 615 924 654 (Ι)
936 613 976 675 de
989 615 1107 693 psslmo
1119 612 1262 683 LXIII„

143 709 259 769 tresde
278 710 424 788 sportolo,
438 709 492 770 ubi
512 711 558 769 sit
578 709 619 770 ed
638 711 796 771 Aebreos:
817 708 995 769 emimus
1015 728 1085 786 erpo
1105 706 1263 784 depredare

144 800 177 859 ie
190 798 273 860 illum
295 804 428 885 requiem.
472 803 516 863 Et
537 823 599 865 non
620 805 696 864 dicit
729 802 833 864 Gloria
861 822 918 862 neo
940 804 975 862 in
996 801 1126 881 psslrnis
1149 821 1209 860 nee
1230 801 1263 859 in

145 900 341 975 responsoriis
350 922 359 976 ;
380 919 435 960 nec
449 900 545 960 lector
564 901 645 978 petit
664 900 917 975 benediccionem,
931 899 985 958 sed
1004 899 1087 958 siout
1107 898 1261 976 superine

145 992 205 1051 Sed
218 999 342 1053 tantum
355 994 480 1054 inchoet
499 995 539 1054 ed
559 996 748 1054 matutinum
767 994 937 1072 antiphone
957 993 1110 1070 inprime
1132 993 1262 1070 pulmo,

144 1090 215 1145 tute
245 1087 387 1165 lampedo
414 1087 452 1147 de
479 1094 568 1166 perte
595 1089 714 1161 dextre
738 1088 773 1147 in
799 1087 932 1147 secundo
957 1086 1076 1164 psalmo
1100 1084 1145 1146 de
1172 1092 1263 1164 purte

145 1178 271 1237 sinistre
281 1201 292 1255 ;
311 1178 453 1239 similiter
473 1199 527 1258 per
547 1199 650 1239 omnes
673 1179 805 1258 peslmos
823 1198 922 1256 usque
942 1178 1002 1237 Ἦ.
1015 1184 1075 1238 sut
1089 1176 1184 1250 vn„
1206 1184 1262 1237 eut

143 1273 178 1330 in
211 1273 301 1332 finem
335 1274 495 1352 evangelii,
530 1282 703 1334 reservetur
738 1275 885 1333 sbsoonss
918 1291 1014 1351 usque
1046 1273 1081 1331 in
1121 1271 1264 1332 Ssbbeto

144 1371 260 1425 saneto.

207 1458 280 1538 Ipsa
300 1467 404 1520 sutem
421 1459 478 1533 die,
494 1461 570 1520 hors
584 1461 636 1535 V.,
650 1459 785 1540 procedit
805 1459 846 1520 ed
866 1459 1023 1520 eeclesiam
1043 1458 1149 1518 omnis
1162 1459 1262 1519 clerus

144 1559 177 1612 et
197 1554 368 1632 ingreditur
389 1554 618 1615 erehidieeonus
638 1577 707 1616 cum
727 1554 797 1614 sliis
817 1553 995 1614 dieeonibus
1014 1553 1051 1611 in
1069 1552 1211 1613 ssersrio
1229 1556 1263 1611 et

143 1645 279 1705 induunt
299 1667 332 1706 se
351 1646 491 1726 planetes
511 1648 620 1721 fusses,
642 1655 676 1708 et
699 1648 899 1727 egrediuntur
920 1645 960 1706 de
983 1647 1131 1718 ssorsrio,
1146 1652 1183 1705 et
1202 1647 1264 1706 duo

143 1746 312 1799 cereostata
345 1747 419 1800 ente
452 1742 552 1820 ipsum
579 1762 648 1801 cum
675 1743 769 1801 oereis
796 1740 938 1812 soeeusis,
965 1745 999 1799 et
1025 1740 1162 1798 veniunt
1188 1746 1264 1799 ente

143 1833 269 1896 slteree.
319 1834 504 1896 Oseulentur
537 1837 637 1896 eltsre
670 1842 703 1894 et
736 1835 856 1894 rudunt
890 1833 930 1892 ed
964 1832 1066 1892 sedem
1099 1834 1263 1910 pontificis

144 1928 309 1987 seeundum
337 1930 595 1992 consuetudinem.
649 1930 771 1990 Deinde
792 1929 902 1988 snnuit
927 1926 1166 1987 srehidiseonus
1189 1928 1261 1987 sub·

144 2022 271 2083 disoeno
283 2032 320 2083 ut
334 2024 455 2100 legatur
468 2025 561 2084 leccio
574 2026 680 2103 prime
724 2024 870 2102 Sequitur
890 2023 1119 2101 responsorium
1134 2022 1262 2082 Domine

143 2116 266 2189 αιιάίυίς
299 2117 411 2178 deinde
444 2120 505 2178 slis
538 2121 640 2193 leonio,
668 2127 701 2179 et
728 2119 867 2197 sequitur
894 2124 1012 2178 nactus
1040 2117 1101 2190 Qu·
1138 2117 1262 2178 debeat.

144 2210 266 2270 Deinde
279 2212 392 2289 legitur
405 2214 504 2290 passio
518 2213 643 2273 Domini
656 2214 822 2273 seeundum
832 2213 854 2272 J
855 2212 1015 2272 ohannem.
1049 2209 1122 2270 Hoo
1135 2211 1262 2290 expleto

144 2306 249 2384 psallit
262 2306 401 2365 sacerdos
415 2306 453 2365 de
467 2314 554 2384 perte
567 2309 693 2368 sinistre
706 2308 882 2386 presbiterii
889 2305 920 2345 ‘¹¹’
933 2307 967 2365 in
979 2311 1100 2384 purtem
1115 2306 1261 2367 dextrum

143 2400 250 2459 ulteris
277 2399 359 2459 inira
383 2402 527 2461 thronum
551 2410 584 2462 et
612 2403 688 2462 dicit
714 2403 869 2463 oreoiones
891 2401 1079 2478 sollempnes.
1139 2399 1263 2460 Deinde

143 2505 341 2560 revertuntur
367 2502 529 2577 presbiteri
555 2521 609 2579 per
636 2501 730 2561 tituls
756 2520 821 2573 sue,
848 2506 881 2560 et
907 2499 983 2559 hors
1009 2518 1091 2558 nous
1120 2505 1190 2559 tem
1224 2499 1262 2559 de

143 2594 324 2653 lectionibus
350 2614 441 2671 quem
468 2596 665 2674 responsoriis
684 2596 732 2655 vel
754 2595 945 2672 evangelium
969 2612 1023 2653 seu
1044 2599 1079 2652 et
1100 2595 1262 2654 orseionrs

142 2688 302 2747 sollemnes
328 2686 448 2747 isciunt
482 2689 633 2764 similiter,
666 2696 700 2750 et
734 2688 867 2749 edorsnt
893 2693 1031 2747 renotem
1066 2705 1193 2747 oruoem
1228 2692 1262 2748 et

143 2783 406 2842 eommuniosntur
419 2803 532 2844 omnes.

668 3176 727 3240 IV.

321 3374 400 3435 Ordo
419 3373 545 3455 qualiter
564 3373 596 3433 in
616 3371 743 3434 sabbato
761 3375 860 3430 saneto
880 3365 1021 3446 oqeedem
1041 3372 1092 3425 eet.

210 3568 314 3628 Medis
328 3574 417 3628 nocte
430 3565 614 3644 surgendum
632 3570 738 3637 estet
757 3563 839 3622 sieut
857 3560 994 3640 superius
1014 3560 1196 3621 texavimus
1217 3577 1267 3622 rte

146 3665 211 3736 list,
225 3668 352 3741 excepto
365 3661 398 3720 in
412 3660 620 3732 luminaribus,
636 3658 689 3719 sed
702 3662 826 3717 tentum
840 3676 903 3717 uns
916 3652 1057 3734 lumpede
1068 3655 1267 3718 soeendstur

146 3762 271 3836 propter
283 3753 453 3832 legendum.

613 3992 811 4063 mmmm

606 4078 646 4150 (ii)
665 4077 804 4151 presbiter.
