2814 4816
131 319 194 384 500
239 333 420 383 cumsrmu
442 333 612 385 wossmr:
636 334 688 384 ms
710 333 827 385 omum
850 335 918 385 uun
939 333 1145 389 svonuruor.

128 496 214 577 dixi),
230 503 389 557 remanent
410 495 474 557 dies
493 495 698 575 qusdrsgints
718 502 750 556 et
770 515 851 556 nnus
864 497 917 575 qui
933 493 1124 576 jejunantur
1134 516 1144 572 3
1165 497 1247 578 qnod
1300 559 1304 569 ,

128 591 177 652 hic
191 592 347 670 appellunt
361 591 484 664 Boutae,
499 590 531 650 id
545 597 592 650 est
606 590 874 668 Qusdrsgesimse.

492 864 518 923 l.
541 862 668 924 services
689 884 726 924 cn
746 864 890 942 Surdum.

190 1022 310 1102 Singuli
337 1029 440 1083 sutem
467 1020 532 1082 dios
554 1021 742 1100 singularum
767 1021 1002 1083 ebdomadarum
1025 1029 1171 1102 aguntur
1192 1025 1246 1096 sic,

128 1114 161 1174 id
183 1121 232 1174 ost
258 1122 296 1175 ut
323 1115 372 1175 die
393 1115 545 1176 dominico
565 1115 604 1175 de
627 1115 712 1193 pullo
734 1116 832 1194 primo
859 1116 943 1195 legst
970 1117 1135 1195 episcopus
1163 1118 1247 1177 intr·

129 1209 284 1269 Anusmso
310 1211 408 1270 locum
430 1210 661 1270 resurrectionis
688 1209 813 1270 Domini
841 1208 880 1269 de
907 1210 1074 1287 cvangelio,
1100 1211 1189 1270 sicut
1214 1219 1246 1270 ot

128 1311 197 1364 toto
223 1325 305 1365 anno
331 1304 489 1364 dominicis
516 1304 622 1364 diebus
655 1305 728 1378 liet3
762 1305 902 1363 similiter
937 1323 1035 1382 usque
1068 1304 1109 1364 sd
1147 1304 1245 1365 lucem

129 1405 263 1476 aguntur
276 1400 316 1458 sd
331 1399 514 1457 Ansstusem
528 1404 560 1457 et
574 1399 613 1458 nd
628 1398 756 1458 Crucem
766 1418 844 1476 quse
857 1404 890 1457 et
903 1405 970 1458 toto
984 1418 1068 1458 suno
1081 1398 1246 1459 dominicis

129 1493 237 1552 diebus
257 1493 347 1554 fiunt.
390 1492 586 1552 Postmodum
606 1512 704 1567 mune,
719 1494 799 1552 sicut
817 1498 850 1551 et
868 1512 984 1571 semper
1004 1492 1166 1552 dominice
1186 1493 1243 1565 die,

128 1587 311 1665 proceditur,
340 1593 373 1646 et
400 1591 535 1663 aguntur
560 1604 637 1664 quse
664 1584 822 1645 dominicis
846 1585 953 1645 diebus
977 1584 1175 1646 consuetudo
1197 1592 1244 1644 est

128 1683 188 1758 agi,
213 1682 246 1740 in
268 1682 394 1740 ecclesis
420 1680 534 1759 majore
555 1700 632 1758 quoe
654 1681 826 1758 appellatur
849 1680 1010 1758 Mummio,
1035 1700 1116 1759 quse
1140 1687 1191 1740 est
1210 1681 1243 1739 in

128 1775 281 1854 Golgcthu
301 1783 371 1854 post
393 1775 530 1835 Crucem.
574 1774 617 1833 Et
636 1775 787 1848 similiter,
809 1776 901 1834 misso
928 1775 966 1834 de
992 1776 1124 1835 ecclesis
1149 1775 1242 1847 tactu,

127 1870 167 1928 sd
195 1870 341 1929 Anustosi
369 1870 433 1928 itur
462 1889 530 1928 cum
556 1869 664 1946 ymnis,
694 1869 774 1929 sicut
801 1889 916 1946 semper
944 1869 1104 1928 dominicis
1134 1868 1243 1928 diebus

127 1965 171 2025 lit.
216 1963 302 2024 Haec
324 1983 397 2041 ergo
417 1964 489 2023 dum
507 1969 652 2041 aguntur,
675 1962 751 2022 fucit
775 1983 807 2023 se
828 1983 882 2023 ors
901 1964 1016 2041 quintu
1061 1964 1243 2023 Lucet-nure

126 2058 182 2117 hoc
202 2059 282 2118 idom
301 2058 377 2118 hors
396 2077 452 2118 sue
467 2060 512 2130 lit,
526 2058 606 2117 sicut
619 2076 737 2136 semper
750 2057 790 2117 sd
801 2058 983 2117 Ansstusem
996 2064 1030 2117 et
1043 2058 1083 2116 sd
1098 2058 1242 2131 Crucem,

125 2155 204 2213 sicut
231 2160 265 2214 et
291 2154 419 2231 singulis
447 2153 521 2213 locis
548 2153 663 2211 sanctis
690 2154 727 2211 fit
738 2173 747 2227 3
780 2154 931 2214 dominico
959 2154 1042 2213 onim
1071 2153 1129 2214 die
1161 2175 1243 2214 nonu

125 2247 207 2307 non¹
224 2248 269 2308 fit.

496 2455 523 2513 2.
551 2452 707 2531 chludcy
728 2452 867 2515 Serninus.

184 2611 265 2670 Item
285 2610 420 2671 secunde
439 2611 517 2670 ieris
537 2612 679 2671 similitor
700 2611 739 2671 do
759 2613 845 2690 pullo
864 2613 962 2690 primo
983 2613 1023 2673 sd
1047 2615 1243 2679 Anum

122 2704 187 2764 itur
203 2705 284 2765 sicut
301 2712 335 2765 et
352 2711 420 2766 toto
438 2725 530 2779 anno,
544 2713 577 2766 ct
589 2712 724 2784 aguntur
738 2726 833 2786 usque
850 2707 889 2767 od
906 2727 995 2768 mone
1011 2728 1090 2787 quse
1108 2730 1241 2792 semper.

124 2798 235 2858 Denuo
250 2798 290 2858 sd
310 2800 406 2859 tertia
427 2801 491 2860 itur
510 2798 549 2858 sd
568 2800 758 2873 Anastasim
775 2810 807 2859 et
828 2808 964 2879 aguntur
977 2820 1055 2880 quse
1071 2807 1146 2864 toto
1160 2825 1243 2865 enno

123 2892 162 2952 od
189 2898 308 2952 sextum
336 2894 437 2953 solent
464 2895 534 2972 agi:
555 2895 701 2972 quonism
728 2896 762 2953 in
790 2895 898 2954 diebus
925 2895 1242 2974 Qusdrsgesimsrum

123 2993 156 3046 et
169 2987 225 3046 hoc
239 2987 372 3061 additur,
387 2995 424 3048 ut
443 2989 483 3047 sd
503 2961 628 3048 tortian
650 2996 762 3063 estur3
781 2991 856 3050 item
872 2990 912 3049 od
934 2999 1054 3051 sextum
1069 2998 1105 3052 et
1125 3014 1241 3055 nonsm

123 3087 155 3139 ct
174 3081 330 3141 lucernure
343 3083 390 3140 itu
403 3088 538 3159 aguntur
557 3082 637 3140 sicut
654 3082 841 3142 consuetudo
860 3089 908 3143 est
925 3103 979 3163 per
999 3091 1103 3144 totum
1121 3107 1240 3148 annum

123 3176 174 3253 agi
200 3194 316 3253 semper
344 3176 377 3234 in
403 3176 476 3254 ipsis
504 3177 577 3235 locis
604 3176 726 3236 sanctis.
783 3175 930 3236 Similiter
958 3184 989 3238 et
1023 3179 1124 3238 tertis
1152 3180 1243 3257 feris,

124 3269 264 3329 similiter
278 3270 379 3330 omniu
392 3276 527 3348 agimtur
540 3270 620 3329 sicut
635 3276 667 3329 et
680 3269 813 3329 secundo
823 3270 907 3330 foris

446 3558 474 3619 3.
502 3556 681 3634 chneedcy
704 3556 764 3615 and
786 3554 907 3633 Fridoy.

184 3734 303 3806 Qusrts
324 3732 401 3793 feria
422 3736 527 3791 sutem
555 3729 695 3788 similiter
723 3729 787 3788 itur
814 3728 853 3788 de
880 3736 973 3788 noctu
1002 3728 1043 3788 od
1067 3729 1240 3807 Annstooe,

120 3836 153 3889 et
180 3835 315 3906 aguntur
336 3846 373 3886 es
399 3845 477 3904 quse
503 3842 621 3902 semper
643 3841 739 3901 usque
765 3823 805 3882 sd
834 3843 923 3883 mene
934 3845 943 3899 ς
963 3824 1106 3885 similiter
1135 3837 1171 3888 et
1197 3831 1240 3891 sd

526 4018 566 4086 ²‚1
577 4017 672 4084 supply
682 4015 746 4068 here
755 4032 813 4071 uon·
