2814 4816
141 333 206 398 498
249 351 431 402 cumarum
452 353 624 405 worsnrr:
647 354 699 405 ms
721 355 840 408 curcur
861 355 930 406 sno
950 355 1164 407 mouurros.

143 530 240 590 genus
259 534 387 576 aureum
409 522 594 595 gemmatum
618 515 774 594 profertur
795 515 850 576 illa
870 515 928 576 die.
971 515 1139 577 Numerus
1160 521 1257 576 autem

142 608 192 666 vel
219 608 398 685 ponderatio
425 610 464 671 de
490 610 649 683 ceriofalis
678 611 727 670 vel
754 609 921 683 cicindelis,
947 617 1008 670 aut
1035 611 1187 682 lucernis,
1213 608 1256 667 vel

143 700 263 763 diverso
290 706 469 778 ministerio,
496 704 634 782 nunquid
660 705 708 764 rel
734 705 906 764 existimari
931 711 990 764 aut
1015 705 1114 764 scribi
1142 701 1256 782 potestl

143 794 225 855 Nam
244 798 319 874 quid
336 799 433 858 dicam
451 798 490 858 de
509 805 621 859 ornatu
639 798 775 858 fabricae
794 799 898 876 ipsius,
912 817 1009 877 quam
1030 798 1255 858 Constantinus

142 891 200 949 sub
220 894 392 969 praesentia
412 895 519 953 metris
538 913 621 966 suae,
635 893 669 951 in
689 898 838 971 quantum
859 893 938 952 vires
958 894 1050 970 regni
1073 894 1127 952 sui
1144 893 1255 962 hsbuit,

144 980 307 1043 honoravit
341 1006 424 1059 auro,
452 987 570 1046 musivo
596 994 630 1046 et
656 1005 804 1045 marmore
830 986 972 1063 pretioso,
1004 992 1072 1045 tam
1102 986 1255 1045 ecclesiam

142 1079 296 1154 majorem,
327 1100 418 1158 quam
444 1081 629 1153 Ansstmim,
659 1081 709 1139 vel
740 1081 780 1139 ad
808 1079 945 1153 Crucem,
973 1081 1026 1140 vel
1054 1087 1167 1140 cetera
1197 1080 1256 1138 locs

142 1179 249 1232 sancta
262 1175 296 1232 in
309 1173 510 1236 Jerusolimal
551 1174 611 1235 Sed
626 1180 662 1235 ut
681 1173 838 1234 fflcamus
858 1173 898 1234 ad
919 1192 992 1247 rem,
1007 1175 1044 1233 fit
1065 1194 1145 1253 ergo
1165 1176 1255 1252 prims

144 1264 298 1326 diemissa
311 1269 344 1326 in
358 1270 482 1329 ecclesia
495 1267 619 1347 majore,
633 1288 713 1348 quae
729 1276 776 1328 est
793 1269 827 1327 in
846 1268 1008 1347 Golgotha.
1051 1267 1101 1327 Et
1118 1269 1254 1347 quonism

143 1358 217 1418 dum
230 1361 409 1438 praedicent
427 1364 476 1422 vel
495 1364 598 1441 legent
618 1362 755 1441 singulas
775 1363 919 1422 lectiones
938 1363 989 1422 vel
1009 1362 1126 1423 dicunt
1145 1381 1254 1441 ymnos,

143 1454 245 1511 omnia
271 1460 376 1515 tamen
403 1463 477 1535 apta
503 1458 561 1536 ipsi
588 1457 656 1529 diei,
682 1462 715 1516 et
741 1457 814 1517 inde
839 1457 1042 1535 postmodum,
1067 1477 1144 1517 cum
1172 1458 1256 1515 miser

143 1547 287 1607 ecclesiae
313 1549 397 1608 facta
423 1551 528 1624 luerit,
551 1549 636 1610 bitur
663 1570 732 1610 cum
759 1551 859 1628 ymnis
886 1549 925 1609 ad
952 1549 1150 1622 Anastasim,
1171 1551 1256 1629 jum

143 1641 417 1706 consuetudinem:
452 1664 487 1703 ac
514 1645 557 1702 sic
584 1644 622 1702 fit
648 1645 741 1703 missa
768 1643 901 1703 forsitan
927 1651 1018 1702 sexta
1044 1643 1139 1704 bora.
1190 1643 1256 1721 Ipsa

144 1740 247 1793 autom
274 1736 334 1809 die,
362 1738 503 1798 similiter
537 1745 570 1796 et
603 1737 644 1796 ad
677 1738 842 1810 lucernam,
873 1737 967 1815 juxta
1000 1737 1255 1799 consuetudinem

143 1828 328 1889 cotidianam
341 1831 387 1892 fit.

478 2124 507 2187 3.
531 2123 636 2186 Octcoc
656 2124 694 2202 of
709 2124 756 2186 tle
776 2123 915 2186 Fecticol.

205 2297 278 2358 Alia
304 2296 406 2357 denuo
439 2293 489 2354 die
523 2295 666 2355 similiter
698 2297 733 2356 in
766 2297 834 2376 ipss
865 2298 992 2358 ecclesia
1019 2301 1203 2378 proceditur
1227 2305 1258 2363 in

144 2390 315 2468 GolgothaJ
335 2390 392 2449 hoc
410 2389 490 2450 idem
509 2396 542 2449 et
559 2391 653 2449 tertia
673 2390 741 2464 die;
761 2411 816 2470 per
832 2391 936 2452 triduo
949 2412 1022 2472 ergo
1035 2394 1118 2457 hsce
1132 2397 1262 2459 omnint)

144 2487 265 2545 laetitia
289 2486 323 2544 in
346 2485 473 2544 ecclesia
500 2485 687 2562 quemfecit
710 2485 933 2546 Constantinus
960 2488 1144 2551 celebratur
1166 2512 1257 2572 usquc

143 2582 183 2641 ad
211 2587 339 2640 sextum.
396 2579 515 2650 Quarta
542 2579 592 2639 dic
618 2580 652 2637 in
679 2580 802 2653 Eleous,
827 2580 860 2640 id
887 2587 935 2640 est
962 2583 996 2640 in
1023 2583 1158 2645 ccclema
1184 2607 1258 2667 quse

144 2681 192 2734 est
205 2675 239 2731 in
252 2679 356 2732 monte
370 2669 494 2744 Oliveti,
509 2671 637 2750 pulchra
650 2671 735 2745 satis,
750 2671 890 2732 similiter
904 2675 1006 2734 omnia
1026 2675 1074 2735 its
1095 2690 1257 2754 ornantur,

143 2775 177 2829 et
203 2769 249 2827 its
274 2769 470 2826 celebrantur
494 2768 545 2826 ibi
598 2766 715 2837 Quinta
736 2766 787 2826 die
810 2768 845 2826 in
871 2767 1011 2844 hurih,
1036 2773 1124 2848 quod
1146 2783 1196 2834 est
1222 2777 1258 2835 ab

142 2861 327 2923 Jerusolima
348 2859 480 2919 forsitan
502 2859 542 2919 ed
565 2861 649 2919 mille
672 2861 854 2940 quingentos
875 2882 990 2941 passus.
1033 2864 1136 2927 Sexta
1158 2869 1209 2930 dic
1228 2872 1259 2930 in

144 2958 236 3035 Syon,
264 2955 394 3034 septime
422 2954 471 3013 die
498 2955 532 3012 in
560 2954 721 3028 Anmtase,
746 2961 855 3016 octavo
882 2957 931 3016 die
957 2957 997 3017 ad
1025 2956 1171 3022 Crucem.
1215 2966 1258 3024 Ac

144 3054 282 3129 sicergo
300 3070 355 3130 per
375 3056 445 3110 octo
466 3049 531 3108 dies
551 3048 626 3108 haec
647 3050 744 3108 omnis
765 3050 885 3110 laetitia
908 3057 940 3110 et
961 3052 988 3110 is
1008 3052 1164 3116 humatus
1186 3059 1260 3119 cale·

143 3146 254 3205 bratur
280 3147 314 3204 in
336 3145 477 3204 omnibus
503 3143 576 3203 locis
603 3145 718 3203 sanctis
745 3164 819 3223 quos
846 3148 984 3225 superius
1006 3150 1174 3213 nominavi.
1220 3155 1260 3214 In

145 3239 304 3300 Bethleem
327 3246 431 3298 autem
455 3257 510 3316 per
533 3244 616 3297 totos
637 3245 706 3298 octo
734 3238 798 3298 dies
822 3240 978 3300 cotidieis
999 3250 1133 3305 ornatus
1155 3255 1260 3308 estet

143 3337 211 3413 ipss
237 3334 361 3393 laetitia
385 3331 557 3391 celebratur
580 3351 600 3389 a
625 3332 813 3409 presbyteris
834 3339 866 3391 et
889 3333 929 3393 ab
951 3335 1034 3393 omni
1059 3335 1146 3398 clero
1164 3341 1261 3419 ipsius

143 3428 209 3500 loci,
228 3435 261 3487 et
283 3448 302 3486 a
323 3432 517 3486 monazontes
540 3425 592 3503 qui
614 3427 647 3484 in
668 3426 734 3503 ipso
754 3427 819 3486 loco
839 3426 981 3505 deputati
1000 3436 1082 3490 sunt
1128 3431 1215 3495 Nam
1229 3443 1260 3496 et

142 3524 198 3582 illa
227 3522 312 3595 hora,
340 3541 400 3600 qua
433 3538 536 3579 omnes
570 3526 660 3578 nocte
687 3521 721 3577 in
748 3519 932 3582 Jerusolims
959 3531 1162 3588 revertuntur
1190 3552 1259 3592 cum

141 3619 290 3697 episcopo,
320 3623 396 3675 tunc
430 3615 489 3673 loci
521 3615 617 3692 ipsius
649 3614 801 3689 monachi,
834 3616 1016 3698 quicumque
1047 3628 1127 3682 sunt
1161 3645 1259 3707 usque

143 3714 183 3773 ad
216 3712 316 3771 lucem
349 3713 384 3770 in
417 3709 544 3769 ecclesia
576 3710 611 3768 in
645 3708 803 3770 Bethleem
836 3713 1030 3790 pervigilant,
1057 3734 1171 3793 ymnos
1205 3742 1259 3783 m

142 3804 330 3883 sntiphonss
363 3802 522 3878 dicentes3
554 3803 627 3882 quia
660 3804 833 3883 episcopum
864 3824 986 3868 necesse
1018 3815 1066 3869 est
1100 3809 1160 3873 bus
1194 3815 1261 3877 dier

482 4047 518 4120 (i)
535 4047 602 4102 haec
615 4045 714 4121 omnis]
727 4047 848 4106 homines
859 4050 914 4108 cod.
