2814 4816
425 365 490 415 'l'Hll
512 363 656 415 summ.
679 361 844 413 anaema.
1125 352 1189 418 431

135 523 214 581 Hanc
234 525 316 598 igitur
335 524 498 584 oblationem
517 523 633 581 famulae
647 529 710 581 tuae
727 526 813 596 duca,
830 541 911 598 quam
926 525 975 583 trbi
991 525 1126 584 offerimus
1142 544 1192 601 pro

81 609 181 667 famula
196 617 244 668 tua
258 615 317 683 cllo,
330 629 499 685 quaesumus,
512 611 635 682 Domine,
650 611 773 687 placatus
789 611 917 684 aspicias3
935 629 984 685 pro
1000 630 1052 685 qua
1068 616 1192 686 majesta·

82 702 137 752 tem
161 701 237 752 tuam
261 696 394 770 supplices
417 712 568 766 exoramus,
590 701 622 750 ut
645 695 714 751 sicut
738 713 799 751 eam
818 695 853 751 ad
874 702 990 752 aetatem
1011 698 1111 771 nuptiis
1130 716 1193 755 con·

82 787 224 851 gruentem
236 781 375 852 pervenire
387 779 512 850 tribuisti,
525 780 563 834 sic
575 779 710 834 consortio
723 777 838 834 maritali
854 784 901 834 tuo
917 795 1027 836 munere
1041 780 1194 854 copulatam

83 862 232 920 desiderata
251 864 343 921 sobole
364 863 482 936 gaudere
503 862 633 936 perficias,
652 869 732 935 atque
751 862 787 918 ad
807 869 927 935 optatam
948 865 1044 921 seriem
1062 881 1125 922 cum
1145 884 1196 923 suo

84 949 199 1021 conjuge
210 947 345 1022 provehas
356 947 487 1020 benignus
499 963 638 1004 annorum.

151 1158 219 1225 The
254 1157 384 1244 nuptial
419 1156 624 1223 benediction
654 1157 748 1224 takes
777 1157 870 1244 place
899 1158 983 1226 alter
1012 1160 1069 1227 the
1097 1161 1196 1230 Pater

85 1271 196 1343 uodo,
226 1263 333 1330 before
362 1263 419 1329 the
447 1261 587 1328 frecdon
617 1263 653 1328 of
687 1262 744 1329 the
773 1265 979 1331 consecrated
1014 1266 1122 1334 broad
1165 1269 1198 1334 A

87 1368 155 1435 veil
189 1368 219 1435 is
255 1367 333 1433 held
365 1387 443 1433 over
479 1366 535 1432 the
571 1365 663 1432 bride
699 1366 765 1431 and
802 1367 1012 1454 bridegroom,
1042 1372 1107 1437 and
1143 1373 1199 1440 the

87 1472 264 1557 officiating
299 1470 449 1538 minister
484 1470 609 1549 recites,
646 1471 718 1537 first
753 1492 774 1537 a
809 1471 929 1556 simple
965 1493 1089 1561 prayer,
1119 1477 1199 1544 then

90 1597 151 1643 one
165 1576 201 1642 of
212 1575 413 1641 colorato
427 1572 601 1641 character.

143 1778 268 1849 Adesto,¹
289 1776 412 1848 Domine,
437 1776 675 1851 supplicationibus
698 1779 803 1849 nasus,
823 1786 852 1836 et
875 1779 1005 1839 institutis
1029 1784 1084 1842 tuis
1104 1786 1202 1858 quibus

91 1863 308 1938 propagationem
333 1860 445 1917 humani
466 1861 572 1933 generis
596 1861 723 1919 ordinasti
747 1862 879 1935 benigum
902 1867 1014 1937 sedatu
1036 1875 1067 1924 ut
1086 1871 1158 1942 quod
1176 1879 1205 1930 ts

92 1954 201 2005 auctore
208 1945 331 2020 jungitur
342 1951 369 2001 te
382 1944 528 2001 auxiliante
540 1951 672 2002 servetur.

145 2032 217 2089 Vere
229 2031 349 2103 dignum.
367 2070 376 2087 .
393 2072 401 2086 .
420 2071 427 2086 .
447 2029 546 2100 Pater,¹
557 2030 650 2086 mundi
663 2031 792 2102 conditor,
805 2034 974 2091 nascentium
988 2036 1102 2108 genitor,
1114 2038 1204 2096 multi·

92 2115 231 2192 plicandse
249 2114 357 2185 originis
374 2113 528 2182 institutor3
552 2113 598 2185 qni
615 2112 693 2169 Adae
710 2115 838 2171 comitem
856 2116 910 2172 tuis
927 2117 1052 2175 manibus
1068 2120 1203 2192 addidisti,

93 2202 169 2274 cujus
192 2217 228 2257 ex
252 2197 356 2255 ossibus
379 2214 441 2254 ossa
463 2198 612 2254 crescentis
635 2215 727 2270 parem
752 2198 866 2257 formam
883 2200 1033 2259 admirabili
1050 2203 1204 2264 diversitate

93 2285 236 2356 signarent
279 2282 351 2339 Hinc
375 2281 410 2337 ad
433 2280 517 2338 totius
541 2279 719 2338 msdtitudinis
742 2282 937 2341 incrementum
961 2287 1110 2360 conjugalis
1132 2289 1206 2346 thori

91 2372 168 2442 jussa
185 2366 327 2435 consortia,
339 2382 391 2438 qno
408 2369 497 2421 totum
512 2363 583 2420 inter
598 2381 627 2421 se
644 2364 780 2422 aeonum
794 2365 958 2440 colligarent,
972 2369 1083 2428 hnmani
1100 2376 1206 2445 generis

96 2451 205 2508 foedera
228 2454 387 2505 nexuerunt
423 2447 469 2504 Sic
493 2447 564 2503 enim
588 2445 637 2503 tibi
660 2446 789 2520 placitum
813 2451 981 2524 necessario;
1000 2460 1032 2510 ut
1047 2455 1110 2527 quia
1127 2455 1207 2530 longe

97 2542 169 2593 esset
184 2533 315 2591 infirmius
331 2532 404 2604 quod
421 2531 523 2587 homini
542 2531 628 2588 simile
645 2549 727 2605 quam
744 2534 816 2606 quod
834 2534 883 2592 tibi
902 2536 955 2593 dso
972 2537 1083 2609 feceras,
1101 2540 1209 2599 additus

96 2619 200 2676 fortiori
216 2633 298 2674 sexus
314 2615 442 2672 infirmior
458 2632 543 2671 nuum
561 2614 679 2672 efficeret
696 2633 732 2672 ex
747 2616 861 2688 duobus,
874 2626 903 2676 et
913 2620 971 2693 pari
983 2623 1093 2695 pignore
1105 2625 1211 2683 soboles

98 2703 185 2760 mixta
208 2705 336 2771 manaret,
358 2699 423 2755 dum
444 2716 492 2771 per
512 2697 633 2754 ordinem
652 2697 748 2757 flueret
767 2700 870 2772 digesta
888 2705 1038 2776 posteritas,
1056 2724 1089 2763 ac
1109 2709 1212 2781 priores

100 2792 214 2844 ventura
225 2788 406 2855 sequerentur,
417 2799 468 2838 nec
487 2781 572 2837 ullum
589 2781 640 2838 sibi
657 2783 742 2840 tinem
760 2784 787 2840 in
804 2791 860 2842 tam
876 2786 952 2844 brevi
963 2790 1077 2848 termino
1089 2793 1212 2862 quamvis

99 2875 189 2928 esent
206 2868 307 2925 caduca
324 2870 511 2939 proponerent.
547 2865 592 2921 sd
604 2865 671 2921 haec
683 2866 764 2938 igitur
775 2875 905 2927 venturae
918 2871 997 2945 hujus
1009 2872 1127 2931 famulas
1138 2882 1211 2948 tuac,

101 2956 189 3023 Pater,
201 2951 352 3008 rudimenta
369 2948 514 3018 sanctifica,
526 2953 558 3004 at
575 2948 645 3005 bono
664 2956 693 3005 et
711 2968 839 3024 prospero
863 2954 965 3011 sociata
988 2959 1122 3014 consortio
1146 2960 1214 3032 legis

101 3044 226 3095 aeternae
246 3036 310 3109 jura
334 3033 475 3090 custodiat
511 3033 717 3106 Memineritque
747 3053 785 3106 se,
813 3037 936 3110 Domine,
963 3058 1018 3098 non
1043 3048 1148 3100 tantum
1177 3045 1213 3101 ad

103 3121 238 3179 licentiam
259 3117 425 3190 conjugalem
445 3116 494 3173 ssd
512 3116 547 3172 ad
567 3116 763 3174 observantiam
781 3120 831 3176 Dei
849 3129 1054 3197 sanctorumque
1071 3127 1213 3199 pignorum

104 3205 240 3263 custodiae
264 3202 422 3272 delegatam.
458 3199 559 3255 Fidelis
583 3207 611 3255 et
634 3208 710 3257 casta
734 3204 820 3260 nubat
843 3205 870 3261 in
894 3207 1008 3278 Christo,
1032 3210 1214 3285 imitatrixque

103 3295 255 3346 sanctarum
276 3289 432 3358 permaneat
451 3282 620 3339 seminarum.
656 3283 699 3340 Sit
717 3286 839 3343 amabilis
857 3295 889 3344 ut
906 3290 1007 3347 Rachel
1025 3294 1091 3362 viro,
1109 3297 1215 3367 sapiens

104 3379 136 3429 ut
156 3371 286 3438 Rebecca,
308 3370 441 3439 longaeva
461 3373 491 3423 et
511 3366 596 3422 tidelis
615 3374 647 3422 ut
666 3368 753 3426 Sarra.
790 3370 864 3427 Nihil
882 3389 918 3428 ex
935 3373 986 3429 hac
1004 3376 1152 3434 subcisivus
1170 3379 1215 3436 ills

104 3461 199 3513 auctor
227 3451 461 3527 praevaricationis
490 3456 615 3522 usurpet3
645 3450 710 3507 nixa
739 3451 801 3509 fidei
829 3456 1015 3529 mandatisque
1041 3470 1216 3533 permaneat3

106 3538 212 3594 muniat
224 3535 406 3592 infirmitatem
422 3550 499 3589 suam
515 3532 610 3588 robore
626 3532 796 3606 diaciplinae;
814 3538 861 3592 uni
879 3539 958 3595 thoro
972 3545 1067 3612 juncta
1079 3551 1218 3603 contactus

107 3621 176 3677 vitet
192 3619 305 3675 illicitos
341 3616 383 3673 Sit
393 3615 552 3672 verecundia
569 3616 667 3688 gravis,
679 3617 780 3690 pudore
793 3621 961 3692 venerabilis,
974 3624 1101 3682 doctrinis
1118 3629 1217 3686 caeles-

107 3704 180 3759 tibus
204 3700 315 3757 erudita.
353 3699 394 3754 Sit
415 3696 530 3753 secunda
554 3697 582 3753 in
606 3697 705 3769 sobole,
729 3699 766 3755 sit
788 3701 901 3773 probata
929 3711 957 3761 et
980 3705 1116 3780 innocens,
1134 3718 1163 3767 et
1182 3713 1217 3769 ad

108 3786 249 3842 beatorum
261 3784 379 3857 requiem
391 3789 472 3853 atque
484 3781 519 3837 ad
531 3780 657 3838 caelestia
669 3799 751 3855 regna
762 3785 910 3856 pemeniat

322 3998 331 4028 ¹
348 3996 464 4047 leonlan
475 3994 824 4061 Sacramentary,lt1uratori,
836 3999 885 4049 vol.
897 3999 914 4050 i.
926 4014 950 4065 p.
963 4001 1018 4054 446.

324 4075 334 4105 ¹
351 4073 466 4127 Leonisn
478 4072 666 4128 andaclanam
678 4073 902 4140 Sacnmeuwiea
914 4078 940 4130 ll.
952 4095 984 4132 cc.
