<?xml version="1.0" encoding="UTF-8"?>
<!DOCTYPE html PUBLIC "-//W3C//DTD XHTML 1.0 Transitional//EN"
    "http://www.w3.org/TR/xhtml1/DTD/xhtml1-transitional.dtd">
<html xmlns="http://www.w3.org/1999/xhtml" xml:lang="en" lang="en">
 <head>
  <title>
</title>
<meta http-equiv="Content-Type" content="text/html;charset=utf-8" />
  <meta name='ocr-system' content='tesseract 3.04.00' />
  <meta name='ocr-capabilities' content='ocr_page ocr_carea ocr_par ocr_line ocrx_word'/>
</head>
<body>
  <div class='ocr_page' id='page_1' title='image "./christianworshi01mcclgoog_0480.png"; bbox 0 0 2814 4816; ppageno 0'>
   <div class='ocr_carea' id='block_1_1' title="bbox 608 453 1252 518">
    <p class='ocr_par' dir='ltr' id='par_1_1' title="bbox 608 453 1252 518">
     <span class='ocr_line' id='line_1_1' title="bbox 608 453 1252 518; baseline -0.003 0"><span class='ocrx_word' id='word_1_1' title='bbox 608 469 781 518; x_wconf 75' lang='lat' dir='ltr'>merrom.</span> <span class='ocrx_word' id='word_1_2' title='bbox 1187 453 1252 517; x_wconf 82' lang='lat'>459</span> 
     </span>
    </p>
   </div>
   <div class='ocr_carea' id='block_1_2' title="bbox 142 626 1265 4005">
    <p class='ocr_par' dir='ltr' id='par_1_2' title="bbox 142 626 1259 2022">
     <span class='ocr_line' id='line_1_2' title="bbox 144 626 1254 705; baseline 0.002 -21"><span class='ocrx_word' id='word_1_3' title='bbox 144 628 355 704; x_wconf 78' lang='lat' dir='ltr'>aevangelium</span> <span class='ocrx_word' id='word_1_4' title='bbox 372 633 405 685; x_wconf 92' lang='lat' dir='ltr'>et</span> <span class='ocrx_word' id='word_1_5' title='bbox 419 627 531 705; x_wconf 89' lang='lat' dir='ltr'>accipit</span> <span class='ocrx_word' id='word_1_6' title='bbox 544 645 623 689; x_wconf 91' lang='lat' dir='ltr'>eum.</span> <span class='ocrx_word' id='word_1_7' title='bbox 667 627 787 686; x_wconf 78' lang='lat' dir='ltr'><strong>Deinde</strong></span> <span class='ocrx_word' id='word_1_8' title='bbox 801 628 901 705; x_wconf 90' lang='lat' dir='ltr'>surgit</span> <span class='ocrx_word' id='word_1_9' title='bbox 919 627 1058 704; x_wconf 87' lang='lat' dir='ltr'>pontifex</span> <span class='ocrx_word' id='word_1_10' title='bbox 1077 648 1096 685; x_wconf 89' lang='lat' dir='ltr'>a</span> <span class='ocrx_word' id='word_1_11' title='bbox 1113 626 1184 686; x_wconf 91' lang='lat' dir='ltr'>sede</span> <span class='ocrx_word' id='word_1_12' title='bbox 1201 646 1254 686; x_wconf 91' lang='lat' dir='ltr'>seu</span> 
     </span>
     <span class='ocr_line' id='line_1_3' title="bbox 147 719 1253 800; baseline 0.001 -24"><span class='ocrx_word' id='word_1_13' title='bbox 147 719 392 800; x_wconf 83' lang='lat' dir='ltr'>[sual-Tn.]et</span> <span class='ocrx_word' id='word_1_14' title='bbox 403 740 506 780; x_wconf 90' lang='lat' dir='ltr'>omnes</span> <span class='ocrx_word' id='word_1_15' title='bbox 514 720 685 780; x_wconf 87' lang='lat' dir='ltr'>sacerdotes</span> <span class='ocrx_word' id='word_1_16' title='bbox 695 727 820 782; x_wconf 86' lang='lat' dir='ltr'>stantes.</span> <span class='ocrx_word' id='word_1_17' title='bbox 861 720 903 779; x_wconf 86' lang='lat' dir='ltr'>Et</span> <span class='ocrx_word' id='word_1_18' title='bbox 913 719 1102 780; x_wconf 90' lang='lat' dir='ltr'>antecedunt</span> <span class='ocrx_word' id='word_1_19' title='bbox 1112 739 1181 779; x_wconf 91' lang='lat' dir='ltr'>eum</span> <span class='ocrx_word' id='word_1_20' title='bbox 1192 719 1253 779; x_wconf 89' lang='lat' dir='ltr'>duo</span> 
     </span>
     <span class='ocr_line' id='line_1_4' title="bbox 142 811 1254 892; baseline -0.001 -21"><span class='ocrx_word' id='word_1_21' title='bbox 142 812 328 886; x_wconf 71' lang='lat' dir='ltr'>subdiaconi,</span> <span class='ocrx_word' id='word_1_22' title='bbox 342 834 421 874; x_wconf 87' lang='lat' dir='ltr'>unus</span> <span class='ocrx_word' id='word_1_23' title='bbox 443 813 554 874; x_wconf 85' lang='lat' dir='ltr'>dextra</span> <span class='ocrx_word' id='word_1_24' title='bbox 570 822 666 892; x_wconf 87' lang='lat' dir='ltr'>parte,</span> <span class='ocrx_word' id='word_1_25' title='bbox 687 815 765 874; x_wconf 87' lang='lat' dir='ltr'>alius</span> <span class='ocrx_word' id='word_1_26' title='bbox 788 815 826 874; x_wconf 92' lang='lat' dir='ltr'>de</span> <span class='ocrx_word' id='word_1_27' title='bbox 848 815 983 887; x_wconf 87' lang='lat' dir='ltr'>sinistra,</span> <span class='ocrx_word' id='word_1_28' title='bbox 997 820 1031 874; x_wconf 91' lang='lat' dir='ltr'>et</span> <span class='ocrx_word' id='word_1_29' title='bbox 1048 814 1109 874; x_wconf 90' lang='lat' dir='ltr'>duo</span> <span class='ocrx_word' id='word_1_30' title='bbox 1129 811 1254 873; x_wconf 87' lang='lat' dir='ltr'>acolithi</span> 
     </span>
     <span class='ocr_line' id='line_1_5' title="bbox 144 908 1255 985; baseline 0 -20"><span class='ocrx_word' id='word_1_31' title='bbox 144 912 301 984; x_wconf 88' lang='lat' dir='ltr'>portantes</span> <span class='ocrx_word' id='word_1_32' title='bbox 321 913 394 966; x_wconf 90' lang='lat' dir='ltr'>ante</span> <span class='ocrx_word' id='word_1_33' title='bbox 414 908 513 985; x_wconf 89' lang='lat' dir='ltr'>ipsum</span> <span class='ocrx_word' id='word_1_34' title='bbox 533 908 596 967; x_wconf 88' lang='lat' dir='ltr'>dua</span> <span class='ocrx_word' id='word_1_35' title='bbox 618 914 813 968; x_wconf 82' lang='lat' dir='ltr'>caereoststa.</span> <span class='ocrx_word' id='word_1_36' title='bbox 856 908 899 967; x_wconf 81' lang='lat' dir='ltr'>Et</span> <span class='ocrx_word' id='word_1_37' title='bbox 919 908 992 968; x_wconf 90' lang='lat' dir='ltr'>dum</span> <span class='ocrx_word' id='word_1_38' title='bbox 1006 908 1126 966; x_wconf 90' lang='lat' dir='ltr'>venerit</span> <span class='ocrx_word' id='word_1_39' title='bbox 1146 908 1255 967; x_wconf 87' lang='lat' dir='ltr'>subtus</span> 
     </span>
     <span class='ocr_line' id='line_1_6' title="bbox 145 998 1255 1082; baseline 0.001 -24"><span class='ocrx_word' id='word_1_40' title='bbox 145 1001 281 1074; x_wconf 80' lang='lat' dir='ltr'>ambone,</span> <span class='ocrx_word' id='word_1_41' title='bbox 305 1002 435 1079; x_wconf 84' lang='lat' dir='ltr'>porrigit</span> <span class='ocrx_word' id='word_1_42' title='bbox 461 1003 489 1061; x_wconf 96' lang='lat' dir='ltr'>ei</span> <span class='ocrx_word' id='word_1_43' title='bbox 511 1002 712 1062; x_wconf 89' lang='lat' dir='ltr'>subdiaconus</span> <span class='ocrx_word' id='word_1_44' title='bbox 734 1003 788 1082; x_wconf 93' lang='lat' dir='ltr'>qui</span> <span class='ocrx_word' id='word_1_45' title='bbox 810 1009 858 1062; x_wconf 91' lang='lat' dir='ltr'>est</span> <span class='ocrx_word' id='word_1_46' title='bbox 885 1002 996 1062; x_wconf 90' lang='lat' dir='ltr'>dextra</span> <span class='ocrx_word' id='word_1_47' title='bbox 1017 1008 1106 1081; x_wconf 85' lang='lat' dir='ltr'>parte</span> <span class='ocrx_word' id='word_1_48' title='bbox 1131 998 1255 1060; x_wconf 90' lang='lat' dir='ltr'>brachio</span> 
     </span>
     <span class='ocr_line' id='line_1_7' title="bbox 144 1096 1255 1174; baseline 0.001 -21"><span class='ocrx_word' id='word_1_49' title='bbox 144 1096 269 1155; x_wconf 90' lang='lat' dir='ltr'>sinistro</span> <span class='ocrx_word' id='word_1_50' title='bbox 295 1103 328 1155; x_wconf 91' lang='lat' dir='ltr'>et</span> <span class='ocrx_word' id='word_1_51' title='bbox 355 1097 505 1156; x_wconf 73' lang='lat' dir='ltr'>recumbit</span> <span class='ocrx_word' id='word_1_52' title='bbox 532 1116 622 1174; x_wconf 86' lang='lat' dir='ltr'>super</span> <span class='ocrx_word' id='word_1_53' title='bbox 649 1117 718 1157; x_wconf 91' lang='lat' dir='ltr'>eum</span> <span class='ocrx_word' id='word_1_54' title='bbox 746 1097 890 1157; x_wconf 71' lang='lat' dir='ltr'>diacom</span> <span class='ocrx_word' id='word_1_55' title='bbox 920 1097 1130 1174; x_wconf 78' lang='lat' dir='ltr'>aevangelium</span> <span class='ocrx_word' id='word_1_56' title='bbox 1157 1114 1255 1173; x_wconf 85' lang='lat' dir='ltr'>nsque</span> 
     </span>
     <span class='ocr_line' id='line_1_8' title="bbox 145 1188 1254 1271; baseline 0.002 -23"><span class='ocrx_word' id='word_1_57' title='bbox 145 1188 218 1248; x_wconf 89' lang='lat' dir='ltr'>dum</span> <span class='ocrx_word' id='word_1_58' title='bbox 239 1189 373 1250; x_wconf 89' lang='lat' dir='ltr'>custodit</span> <span class='ocrx_word' id='word_1_59' title='bbox 391 1192 519 1269; x_wconf 89' lang='lat' dir='ltr'>signum.</span> <span class='ocrx_word' id='word_1_60' title='bbox 567 1191 687 1251; x_wconf 84' lang='lat' dir='ltr'>Deinde</span> <span class='ocrx_word' id='word_1_61' title='bbox 706 1193 811 1271; x_wconf 76' lang='lat' dir='ltr'>psallit</span> <span class='ocrx_word' id='word_1_62' title='bbox 829 1193 862 1250; x_wconf 91' lang='lat' dir='ltr'>in</span> <span class='ocrx_word' id='word_1_63' title='bbox 884 1193 1020 1265; x_wconf 87' lang='lat' dir='ltr'>ambone,</span> <span class='ocrx_word' id='word_1_64' title='bbox 1036 1198 1069 1252; x_wconf 91' lang='lat' dir='ltr'>et</span> <span class='ocrx_word' id='word_1_65' title='bbox 1093 1196 1254 1251; x_wconf 89' lang='lat' dir='ltr'>revertunt</span> 
     </span>
     <span class='ocr_line' id='line_1_9' title="bbox 144 1287 1257 1365; baseline 0 -21"><span class='ocrx_word' id='word_1_66' title='bbox 144 1292 313 1345; x_wconf 86' lang='lat' dir='ltr'>cereostata</span> <span class='ocrx_word' id='word_1_67' title='bbox 335 1292 408 1345; x_wconf 87' lang='lat' dir='ltr'>ante</span> <span class='ocrx_word' id='word_1_68' title='bbox 430 1287 589 1345; x_wconf 85' lang='lat' dir='ltr'>ambonem</span> <span class='ocrx_word' id='word_1_69' title='bbox 611 1293 643 1345; x_wconf 93' lang='lat' dir='ltr'>et</span> <span class='ocrx_word' id='word_1_70' title='bbox 667 1287 779 1364; x_wconf 87' lang='lat' dir='ltr'>legitur</span> <span class='ocrx_word' id='word_1_71' title='bbox 803 1288 1021 1364; x_wconf 81' lang='lat' dir='ltr'>aevangelium</span> <span class='ocrx_word' id='word_1_72' title='bbox 1064 1287 1107 1345; x_wconf 88' lang='lat' dir='ltr'>Et</span> <span class='ocrx_word' id='word_1_73' title='bbox 1129 1287 1257 1365; x_wconf 89' lang='lat' dir='ltr'>suscipit</span> 
     </span>
     <span class='ocr_line' id='line_1_10' title="bbox 145 1379 1256 1458; baseline 0 -19"><span class='ocrx_word' id='word_1_74' title='bbox 145 1380 354 1458; x_wconf 84' lang='lat' dir='ltr'>aevangelium</span> <span class='ocrx_word' id='word_1_75' title='bbox 374 1379 585 1452; x_wconf 86' lang='lat' dir='ltr'>subdiaconus,</span> <span class='ocrx_word' id='word_1_76' title='bbox 609 1386 642 1439; x_wconf 93' lang='lat' dir='ltr'>et</span> <span class='ocrx_word' id='word_1_77' title='bbox 670 1386 779 1439; x_wconf 86' lang='lat' dir='ltr'>tenens</span> <span class='ocrx_word' id='word_1_78' title='bbox 806 1399 876 1440; x_wconf 90' lang='lat' dir='ltr'>cum</span> <span class='ocrx_word' id='word_1_79' title='bbox 903 1386 1011 1439; x_wconf 90' lang='lat' dir='ltr'>contra</span> <span class='ocrx_word' id='word_1_80' title='bbox 1038 1386 1144 1458; x_wconf 89' lang='lat' dir='ltr'>pectus</span> <span class='ocrx_word' id='word_1_81' title='bbox 1167 1399 1256 1439; x_wconf 87' lang='lat' dir='ltr'>suum</span> 
     </span>
     <span class='ocr_line' id='line_1_11' title="bbox 145 1472 1256 1552; baseline 0 -19"><span class='ocrx_word' id='word_1_82' title='bbox 145 1474 255 1533; x_wconf 88' lang='lat' dir='ltr'>subtus</span> <span class='ocrx_word' id='word_1_83' title='bbox 283 1474 422 1546; x_wconf 86' lang='lat' dir='ltr'>ambone,</span> <span class='ocrx_word' id='word_1_84' title='bbox 450 1492 545 1551; x_wconf 89' lang='lat' dir='ltr'>usque</span> <span class='ocrx_word' id='word_1_85' title='bbox 581 1472 653 1533; x_wconf 89' lang='lat' dir='ltr'>dum</span> <span class='ocrx_word' id='word_1_86' title='bbox 690 1474 869 1535; x_wconf 89' lang='lat' dir='ltr'>osculantur</span> <span class='ocrx_word' id='word_1_87' title='bbox 903 1494 1006 1535; x_wconf 91' lang='lat' dir='ltr'>omnes</span> <span class='ocrx_word' id='word_1_88' title='bbox 1036 1475 1256 1552; x_wconf 79' lang='lat' dir='ltr'>aevangelium.</span> 
     </span>
     <span class='ocr_line' id='line_1_12' title="bbox 146 1567 1258 1646; baseline 0.001 -20"><span class='ocrx_word' id='word_1_89' title='bbox 146 1567 226 1628; x_wconf 89' lang='lat' dir='ltr'>Inde</span> <span class='ocrx_word' id='word_1_90' title='bbox 241 1567 377 1627; x_wconf 88' lang='lat' dir='ltr'>retrudit</span> <span class='ocrx_word' id='word_1_91' title='bbox 390 1587 458 1627; x_wconf 87' lang='lat' dir='ltr'>eum</span> <span class='ocrx_word' id='word_1_92' title='bbox 478 1568 512 1627; x_wconf 91' lang='lat' dir='ltr'>in</span> <span class='ocrx_word' id='word_1_93' title='bbox 531 1587 621 1646; x_wconf 86' lang='lat' dir='ltr'>capsa</span> <span class='ocrx_word' id='word_1_94' title='bbox 639 1588 703 1628; x_wconf 89' lang='lat' dir='ltr'>sua.</span> <span class='ocrx_word' id='word_1_95' title='bbox 747 1568 789 1627; x_wconf 90' lang='lat' dir='ltr'>Et</span> <span class='ocrx_word' id='word_1_96' title='bbox 804 1570 933 1628; x_wconf 89' lang='lat' dir='ltr'>revertit</span> <span class='ocrx_word' id='word_1_97' title='bbox 947 1569 1091 1629; x_wconf 70' lang='lat' dir='ltr'>diaconem</span> <span class='ocrx_word' id='word_1_98' title='bbox 1105 1568 1144 1628; x_wconf 86' lang='lat' dir='ltr'>ad</span> <span class='ocrx_word' id='word_1_99' title='bbox 1160 1570 1258 1628; x_wconf 89' lang='lat' dir='ltr'>altare</span> 
     </span>
     <span class='ocr_line' id='line_1_13' title="bbox 146 1662 1258 1740; baseline -0.001 -19"><span class='ocrx_word' id='word_1_100' title='bbox 146 1667 180 1721; x_wconf 93' lang='lat' dir='ltr'>et</span> <span class='ocrx_word' id='word_1_101' title='bbox 206 1662 272 1739; x_wconf 89' lang='lat' dir='ltr'>ipsa</span> <span class='ocrx_word' id='word_1_102' title='bbox 294 1667 483 1725; x_wconf 85' lang='lat' dir='ltr'>caereosteta</span> <span class='ocrx_word' id='word_1_103' title='bbox 507 1667 580 1720; x_wconf 88' lang='lat' dir='ltr'>ante</span> <span class='ocrx_word' id='word_1_104' title='bbox 604 1681 681 1735; x_wconf 88' lang='lat' dir='ltr'>eum,</span> <span class='ocrx_word' id='word_1_105' title='bbox 706 1669 739 1722; x_wconf 93' lang='lat' dir='ltr'>et</span> <span class='ocrx_word' id='word_1_106' title='bbox 763 1669 883 1740; x_wconf 92' lang='lat' dir='ltr'>ponunt</span> <span class='ocrx_word' id='word_1_107' title='bbox 907 1681 943 1721; x_wconf 90' lang='lat' dir='ltr'>ea</span> <span class='ocrx_word' id='word_1_108' title='bbox 965 1668 1049 1722; x_wconf 88' lang='lat' dir='ltr'>retro</span> <span class='ocrx_word' id='word_1_109' title='bbox 1073 1663 1179 1735; x_wconf 88' lang='lat' dir='ltr'>altare,</span> <span class='ocrx_word' id='word_1_110' title='bbox 1204 1680 1258 1720; x_wconf 89' lang='lat' dir='ltr'>seu</span> 
     </span>
     <span class='ocr_line' id='line_1_14' title="bbox 146 1755 1257 1834; baseline -0.001 -19"><span class='ocrx_word' id='word_1_111' title='bbox 146 1761 180 1815; x_wconf 91' lang='lat' dir='ltr'>et</span> <span class='ocrx_word' id='word_1_112' title='bbox 207 1755 326 1833; x_wconf 89' lang='lat' dir='ltr'>reliqua</span> <span class='ocrx_word' id='word_1_113' title='bbox 358 1761 556 1815; x_wconf 87' lang='lat' dir='ltr'>caereostata.</span> <span class='ocrx_word' id='word_1_114' title='bbox 612 1755 655 1813; x_wconf 87' lang='lat' dir='ltr'>Et</span> <span class='ocrx_word' id='word_1_115' title='bbox 682 1756 710 1814; x_wconf 92' lang='lat' dir='ltr'>si</span> <span class='ocrx_word' id='word_1_116' title='bbox 736 1755 832 1815; x_wconf 88' lang='lat' dir='ltr'>fuerit</span> <span class='ocrx_word' id='word_1_117' title='bbox 863 1756 990 1834; x_wconf 86' lang='lat' dir='ltr'>pallium</span> <span class='ocrx_word' id='word_1_118' title='bbox 1024 1775 1115 1834; x_wconf 87' lang='lat' dir='ltr'>super</span> <span class='ocrx_word' id='word_1_119' title='bbox 1150 1756 1257 1827; x_wconf 86' lang='lat' dir='ltr'>altare,</span> 
     </span>
     <span class='ocr_line' id='line_1_15' title="bbox 146 1848 1259 1930; baseline 0.002 -22"><span class='ocrx_word' id='word_1_120' title='bbox 146 1849 275 1926; x_wconf 90' lang='lat' dir='ltr'>replicat</span> <span class='ocrx_word' id='word_1_121' title='bbox 288 1869 357 1909; x_wconf 87' lang='lat' dir='ltr'>enm</span> <span class='ocrx_word' id='word_1_122' title='bbox 376 1850 409 1909; x_wconf 92' lang='lat' dir='ltr'>in</span> <span class='ocrx_word' id='word_1_123' title='bbox 430 1869 493 1908; x_wconf 91' lang='lat' dir='ltr'>una</span> <span class='ocrx_word' id='word_1_124' title='bbox 511 1855 600 1928; x_wconf 83' lang='lat' dir='ltr'>perte</span> <span class='ocrx_word' id='word_1_125' title='bbox 618 1848 659 1909; x_wconf 88' lang='lat' dir='ltr'>ad</span> <span class='ocrx_word' id='word_1_126' title='bbox 678 1850 835 1925; x_wconf 85' lang='lat' dir='ltr'>orientem,</span> <span class='ocrx_word' id='word_1_127' title='bbox 852 1856 885 1910; x_wconf 91' lang='lat' dir='ltr'>et</span> <span class='ocrx_word' id='word_1_128' title='bbox 901 1850 1088 1930; x_wconf 87' lang='lat' dir='ltr'>expenditur</span> <span class='ocrx_word' id='word_1_129' title='bbox 1105 1849 1259 1929; x_wconf 88' lang='lat' dir='ltr'>corporale</span> 
     </span>
     <span class='ocr_line' id='line_1_16' title="bbox 147 1943 1127 2022; baseline 0.001 -19"><span class='ocrx_word' id='word_1_130' title='bbox 147 1962 238 2022; x_wconf 90' lang='lat' dir='ltr'>super</span> <span class='ocrx_word' id='word_1_131' title='bbox 251 1944 350 2003; x_wconf 86' lang='lat' dir='ltr'>altare</span> <span class='ocrx_word' id='word_1_132' title='bbox 364 1965 382 2003; x_wconf 90' lang='lat' dir='ltr'>a</span> <span class='ocrx_word' id='word_1_133' title='bbox 396 1943 581 2006; x_wconf 82' lang='lat' dir='ltr'>diaconibus.</span> <span class='ocrx_word' id='word_1_134' title='bbox 1124 2004 1127 2011; x_wconf 86' lang='grc'>,</span> 
     </span>
    </p>

    <p class='ocr_par' dir='ltr' id='par_1_3' title="bbox 148 2038 1263 3625">
     <span class='ocr_line' id='line_1_17' title="bbox 210 2038 1257 2118; baseline 0.001 -21"><span class='ocrx_word' id='word_1_135' title='bbox 210 2038 330 2098; x_wconf 88' lang='lat' dir='ltr'>Deinde</span> <span class='ocrx_word' id='word_1_136' title='bbox 357 2040 442 2098; x_wconf 90' lang='lat' dir='ltr'>levat</span> <span class='ocrx_word' id='word_1_137' title='bbox 470 2039 610 2118; x_wconf 84' lang='lat' dir='ltr'>pontifex</span> <span class='ocrx_word' id='word_1_138' title='bbox 638 2059 745 2099; x_wconf 89' lang='lat' dir='ltr'>manus</span> <span class='ocrx_word' id='word_1_139' title='bbox 773 2059 844 2099; x_wconf 89' lang='lat' dir='ltr'>suas</span> <span class='ocrx_word' id='word_1_140' title='bbox 870 2047 903 2099; x_wconf 89' lang='lat' dir='ltr'>et</span> <span class='ocrx_word' id='word_1_141' title='bbox 930 2040 1030 2117; x_wconf 87' lang='lat' dir='ltr'>surgit</span> <span class='ocrx_word' id='word_1_142' title='bbox 1057 2060 1076 2098; x_wconf 93' lang='lat' dir='ltr'>a</span> <span class='ocrx_word' id='word_1_143' title='bbox 1099 2038 1170 2099; x_wconf 90' lang='lat' dir='ltr'>sede</span> <span class='ocrx_word' id='word_1_144' title='bbox 1193 2059 1257 2098; x_wconf 88' lang='lat' dir='ltr'>sua.</span> 
     </span>
     <span class='ocr_line' id='line_1_18' title="bbox 149 2131 1260 2212; baseline 0.002 -22"><span class='ocrx_word' id='word_1_145' title='bbox 149 2131 192 2191; x_wconf 85' lang='lat' dir='ltr'>Et</span> <span class='ocrx_word' id='word_1_146' title='bbox 225 2133 393 2191; x_wconf 87' lang='lat' dir='ltr'>revertitur</span> <span class='ocrx_word' id='word_1_147' title='bbox 428 2134 509 2192; x_wconf 86' lang='lat' dir='ltr'>scola</span> <span class='ocrx_word' id='word_1_148' title='bbox 535 2134 570 2191; x_wconf 91' lang='lat' dir='ltr'>in</span> <span class='ocrx_word' id='word_1_149' title='bbox 595 2139 703 2211; x_wconf 86' lang='lat' dir='ltr'>partae</span> <span class='ocrx_word' id='word_1_150' title='bbox 729 2133 856 2192; x_wconf 90' lang='lat' dir='ltr'>sinistra</span> <span class='ocrx_word' id='word_1_151' title='bbox 883 2134 1083 2212; x_wconf 80' lang='lat' dir='ltr'>praesbiterii</span> <span class='ocrx_word' id='word_1_152' title='bbox 1138 2133 1260 2193; x_wconf 90' lang='lat' dir='ltr'>Deinde</span> 
     </span>
     <span class='ocr_line' id='line_1_19' title="bbox 148 2225 1260 2306; baseline 0.001 -19"><span class='ocrx_word' id='word_1_153' title='bbox 148 2225 306 2287; x_wconf 89' lang='lat' dir='ltr'>descendit</span> <span class='ocrx_word' id='word_1_154' title='bbox 340 2227 480 2305; x_wconf 78' lang='lat' dir='ltr'>pontifex</span> <span class='ocrx_word' id='word_1_155' title='bbox 512 2227 553 2287; x_wconf 90' lang='lat' dir='ltr'>ad</span> <span class='ocrx_word' id='word_1_156' title='bbox 583 2227 808 2306; x_wconf 90' lang='lat' dir='ltr'>suscipiendum</span> <span class='ocrx_word' id='word_1_157' title='bbox 837 2229 1006 2288; x_wconf 88' lang='lat' dir='ltr'>oblationes</span> <span class='ocrx_word' id='word_1_158' title='bbox 1033 2249 1052 2287; x_wconf 93' lang='lat' dir='ltr'>a</span> <span class='ocrx_word' id='word_1_159' title='bbox 1078 2228 1198 2306; x_wconf 88' lang='lat' dir='ltr'>populo,</span> <span class='ocrx_word' id='word_1_160' title='bbox 1227 2235 1260 2288; x_wconf 91' lang='lat' dir='ltr'>et</span> 
     </span>
     <span class='ocr_line' id='line_1_20' title="bbox 149 2319 1260 2382; baseline 0.002 -3"><span class='ocrx_word' id='word_1_161' title='bbox 149 2321 261 2380; x_wconf 85' lang='lat' dir='ltr'>annuit</span> <span class='ocrx_word' id='word_1_162' title='bbox 288 2319 519 2382; x_wconf 88' lang='lat' dir='ltr'>archidiaconus</span> <span class='ocrx_word' id='word_1_163' title='bbox 546 2321 645 2381; x_wconf 88' lang='lat' dir='ltr'>scolae</span> <span class='ocrx_word' id='word_1_164' title='bbox 671 2326 708 2380; x_wconf 89' lang='lat' dir='ltr'>ut</span> <span class='ocrx_word' id='word_1_165' title='bbox 735 2320 858 2381; x_wconf 90' lang='lat' dir='ltr'>dicatur</span> <span class='ocrx_word' id='word_1_166' title='bbox 880 2321 1076 2381; x_wconf 84' lang='lat' dir='ltr'>offertorium.</span> <span class='ocrx_word' id='word_1_167' title='bbox 1120 2320 1163 2380; x_wconf 91' lang='lat' dir='ltr'>Et</span> <span class='ocrx_word' id='word_1_168' title='bbox 1187 2321 1260 2381; x_wconf 87' lang='lat' dir='ltr'>dum</span> 
     </span>
     <span class='ocr_line' id='line_1_21' title="bbox 148 2414 1261 2494; baseline 0.002 -20"><span class='ocrx_word' id='word_1_169' title='bbox 148 2415 277 2493; x_wconf 79' lang='lat' dir='ltr'>suscipit</span> <span class='ocrx_word' id='word_1_170' title='bbox 311 2435 382 2475; x_wconf 88' lang='lat' dir='ltr'>aeas</span> <span class='ocrx_word' id='word_1_171' title='bbox 416 2415 564 2494; x_wconf 81' lang='lat' dir='ltr'>pontifex,</span> <span class='ocrx_word' id='word_1_172' title='bbox 598 2414 698 2475; x_wconf 89' lang='lat' dir='ltr'>tradit</span> <span class='ocrx_word' id='word_1_173' title='bbox 730 2436 749 2474; x_wconf 94' lang='lat' dir='ltr'>a</span> <span class='ocrx_word' id='word_1_174' title='bbox 781 2415 966 2476; x_wconf 88' lang='lat' dir='ltr'>subdiacono</span> <span class='ocrx_word' id='word_1_175' title='bbox 998 2422 1032 2476; x_wconf 89' lang='lat' dir='ltr'>et</span> <span class='ocrx_word' id='word_1_176' title='bbox 1058 2416 1261 2476; x_wconf 81' lang='lat' dir='ltr'>subdiaconus</span> 
     </span>
     <span class='ocr_line' id='line_1_22' title="bbox 148 2508 1260 2588; baseline 0.004 -20"><span class='ocrx_word' id='word_1_177' title='bbox 148 2509 238 2586; x_wconf 87' lang='lat' dir='ltr'>ponit</span> <span class='ocrx_word' id='word_1_178' title='bbox 271 2528 322 2568; x_wconf 88' lang='lat' dir='ltr'>eas</span> <span class='ocrx_word' id='word_1_179' title='bbox 357 2511 390 2569; x_wconf 92' lang='lat' dir='ltr'>in</span> <span class='ocrx_word' id='word_1_180' title='bbox 424 2509 552 2569; x_wconf 87' lang='lat' dir='ltr'>sindone</span> <span class='ocrx_word' id='word_1_181' title='bbox 585 2529 661 2588; x_wconf 90' lang='lat' dir='ltr'>quos</span> <span class='ocrx_word' id='word_1_182' title='bbox 692 2508 818 2569; x_wconf 85' lang='lat' dir='ltr'>acolithi</span> <span class='ocrx_word' id='word_1_183' title='bbox 844 2516 964 2583; x_wconf 90' lang='lat' dir='ltr'>tenent,</span> <span class='ocrx_word' id='word_1_184' title='bbox 992 2516 1154 2588; x_wconf 85' lang='lat' dir='ltr'>sequentes</span> <span class='ocrx_word' id='word_1_185' title='bbox 1181 2530 1260 2574; x_wconf 82' lang='lat' dir='ltr'>eum.</span> 
     </span>
     <span class='ocr_line' id='line_1_23' title="bbox 151 2600 1262 2682; baseline 0.001 -20"><span class='ocrx_word' id='word_1_186' title='bbox 151 2602 195 2662; x_wconf 86' lang='lat' dir='ltr'>Et</span> <span class='ocrx_word' id='word_1_187' title='bbox 228 2600 349 2662; x_wconf 89' lang='lat' dir='ltr'>diaconi</span> <span class='ocrx_word' id='word_1_188' title='bbox 382 2604 536 2682; x_wconf 91' lang='lat' dir='ltr'>recipiunt</span> <span class='ocrx_word' id='word_1_189' title='bbox 569 2604 687 2664; x_wconf 83' lang='lat' dir='ltr'>amulas</span> <span class='ocrx_word' id='word_1_190' title='bbox 718 2610 752 2663; x_wconf 91' lang='lat' dir='ltr'>et</span> <span class='ocrx_word' id='word_1_191' title='bbox 783 2610 926 2682; x_wconf 88' lang='lat' dir='ltr'>portetur</span> <span class='ocrx_word' id='word_1_192' title='bbox 953 2605 1154 2664; x_wconf 87' lang='lat' dir='ltr'>stationarius</span> <span class='ocrx_word' id='word_1_193' title='bbox 1181 2604 1262 2663; x_wconf 88' lang='lat' dir='ltr'>calix</span> 
     </span>
     <span class='ocr_line' id='line_1_24' title="bbox 151 2696 1262 2776; baseline 0.002 -21"><span class='ocrx_word' id='word_1_194' title='bbox 151 2717 171 2755; x_wconf 93' lang='lat' dir='ltr'>a</span> <span class='ocrx_word' id='word_1_195' title='bbox 204 2696 390 2758; x_wconf 88' lang='lat' dir='ltr'>subdiacono</span> <span class='ocrx_word' id='word_1_196' title='bbox 424 2698 603 2776; x_wconf 85' lang='lat' dir='ltr'>regionario,</span> <span class='ocrx_word' id='word_1_197' title='bbox 637 2704 670 2758; x_wconf 92' lang='lat' dir='ltr'>et</span> <span class='ocrx_word' id='word_1_198' title='bbox 704 2697 843 2759; x_wconf 87' lang='lat' dir='ltr'>refundit</span> <span class='ocrx_word' id='word_1_199' title='bbox 877 2697 1022 2759; x_wconf 87' lang='lat' dir='ltr'>diaconus</span> <span class='ocrx_word' id='word_1_200' title='bbox 1052 2698 1201 2758; x_wconf 86' lang='lat' dir='ltr'>ammulae</span> <span class='ocrx_word' id='word_1_201' title='bbox 1228 2699 1262 2757; x_wconf 93' lang='lat' dir='ltr'>in</span> 
     </span>
     <span class='ocr_line' id='line_1_25' title="bbox 150 2791 1262 2871; baseline 0.003 -23"><span class='ocrx_word' id='word_1_202' title='bbox 150 2791 216 2868; x_wconf 89' lang='lat' dir='ltr'>ipso</span> <span class='ocrx_word' id='word_1_203' title='bbox 244 2791 336 2851; x_wconf 87' lang='lat' dir='ltr'>calice</span> <span class='ocrx_word' id='word_1_204' title='bbox 363 2798 487 2866; x_wconf 87' lang='lat' dir='ltr'>sancto;</span> <span class='ocrx_word' id='word_1_205' title='bbox 525 2798 558 2851; x_wconf 91' lang='lat' dir='ltr'>et</span> <span class='ocrx_word' id='word_1_206' title='bbox 590 2792 662 2853; x_wconf 89' lang='lat' dir='ltr'>dum</span> <span class='ocrx_word' id='word_1_207' title='bbox 697 2794 831 2871; x_wconf 86' lang='lat' dir='ltr'>repletus</span> <span class='ocrx_word' id='word_1_208' title='bbox 864 2792 968 2866; x_wconf 82' lang='lat' dir='ltr'>fuerit,</span> <span class='ocrx_word' id='word_1_209' title='bbox 1004 2793 1194 2852; x_wconf 89' lang='lat' dir='ltr'>devacuatur</span> <span class='ocrx_word' id='word_1_210' title='bbox 1227 2794 1262 2851; x_wconf 92' lang='lat' dir='ltr'>in</span> 
     </span>
     <span class='ocr_line' id='line_1_26' title="bbox 149 2885 1260 2965; baseline 0.001 -21"><span class='ocrx_word' id='word_1_211' title='bbox 149 2885 233 2945; x_wconf 83' lang='lat' dir='ltr'>sciffo</span> <span class='ocrx_word' id='word_1_212' title='bbox 270 2905 346 2964; x_wconf 90' lang='lat' dir='ltr'>quas</span> <span class='ocrx_word' id='word_1_213' title='bbox 383 2893 509 2964; x_wconf 88' lang='lat' dir='ltr'>portant</span> <span class='ocrx_word' id='word_1_214' title='bbox 547 2886 703 2949; x_wconf 80' lang='lat' dir='ltr'>acholithi</span> <span class='ocrx_word' id='word_1_215' title='bbox 760 2886 880 2946; x_wconf 89' lang='lat' dir='ltr'>Deinde</span> <span class='ocrx_word' id='word_1_216' title='bbox 917 2886 1005 2946; x_wconf 87' lang='lat' dir='ltr'>vadit</span> <span class='ocrx_word' id='word_1_217' title='bbox 1042 2886 1183 2965; x_wconf 84' lang='lat' dir='ltr'>pontifex</span> <span class='ocrx_word' id='word_1_218' title='bbox 1221 2886 1260 2945; x_wconf 91' lang='lat' dir='ltr'>ad</span> 
     </span>
     <span class='ocr_line' id='line_1_27' title="bbox 150 2979 1260 3057; baseline -0.001 -18"><span class='ocrx_word' id='word_1_219' title='bbox 150 2986 269 3057; x_wconf 88' lang='lat' dir='ltr'>partem</span> <span class='ocrx_word' id='word_1_220' title='bbox 323 2980 514 3041; x_wconf 74' lang='lat' dir='ltr'>mulierum⁴⁰</span> <span class='ocrx_word' id='word_1_221' title='bbox 567 3001 635 3041; x_wconf 91' lang='lat' dir='ltr'>cum</span> <span class='ocrx_word' id='word_1_222' title='bbox 673 2981 849 3041; x_wconf 83' lang='lat' dir='ltr'>diaconibus</span> <span class='ocrx_word' id='word_1_223' title='bbox 889 2986 923 3040; x_wconf 91' lang='lat' dir='ltr'>et</span> <span class='ocrx_word' id='word_1_224' title='bbox 956 2980 1077 3040; x_wconf 87' lang='lat' dir='ltr'>iaciunt</span> <span class='ocrx_word' id='word_1_225' title='bbox 1111 2979 1260 3039; x_wconf 90' lang='lat' dir='ltr'>similiter.</span> 
     </span>
     <span class='ocr_line' id='line_1_28' title="bbox 152 3071 1261 3152; baseline 0 -20"><span class='ocrx_word' id='word_1_226' title='bbox 152 3073 272 3133; x_wconf 93' lang='lat' dir='ltr'>Deinde</span> <span class='ocrx_word' id='word_1_227' title='bbox 303 3075 470 3134; x_wconf 90' lang='lat' dir='ltr'>revertitur</span> <span class='ocrx_word' id='word_1_228' title='bbox 496 3074 536 3133; x_wconf 89' lang='lat' dir='ltr'>ad</span> <span class='ocrx_word' id='word_1_229' title='bbox 564 3073 666 3134; x_wconf 90' lang='lat' dir='ltr'>sedem</span> <span class='ocrx_word' id='word_1_230' title='bbox 693 3093 778 3135; x_wconf 90' lang='lat' dir='ltr'>suam</span> <span class='ocrx_word' id='word_1_231' title='bbox 805 3081 838 3134; x_wconf 92' lang='lat' dir='ltr'>et</span> <span class='ocrx_word' id='word_1_232' title='bbox 864 3078 1047 3152; x_wconf 87' lang='lat' dir='ltr'>permanent</span> <span class='ocrx_word' id='word_1_233' title='bbox 1073 3073 1193 3134; x_wconf 86' lang='lat' dir='ltr'>diaconi</span> <span class='ocrx_word' id='word_1_234' title='bbox 1221 3071 1261 3132; x_wconf 88' lang='lat' dir='ltr'>ad</span> 
     </span>
     <span class='ocr_line' id='line_1_29' title="bbox 152 3166 1262 3246; baseline 0 -21"><span class='ocrx_word' id='word_1_235' title='bbox 152 3167 269 3227; x_wconf 85' lang='lat' dir='ltr'>amulas</span> <span class='ocrx_word' id='word_1_236' title='bbox 292 3167 491 3246; x_wconf 87' lang='lat' dir='ltr'>recipiendas.</span> <span class='ocrx_word' id='word_1_237' title='bbox 534 3167 577 3226; x_wconf 87' lang='lat' dir='ltr'>Et</span> <span class='ocrx_word' id='word_1_238' title='bbox 600 3169 725 3227; x_wconf 87' lang='lat' dir='ltr'>interim</span> <span class='ocrx_word' id='word_1_239' title='bbox 749 3173 934 3228; x_wconf 86' lang='lat' dir='ltr'>etantanto</span> <span class='ocrx_word' id='word_1_240' title='bbox 958 3166 1133 3246; x_wconf 88' lang='lat' dir='ltr'>pontificem</span> <span class='ocrx_word' id='word_1_241' title='bbox 1161 3166 1262 3245; x_wconf 91' lang='lat' dir='ltr'>primi-</span> 
     </span>
     <span class='ocr_line' id='line_1_30' title="bbox 152 3264 1263 3344; baseline 0 -21"><span class='ocrx_word' id='word_1_242' title='bbox 152 3266 278 3338; x_wconf 86' lang='lat' dir='ltr'>eaerius‚</span> <span class='ocrx_word' id='word_1_243' title='bbox 307 3265 557 3339; x_wconf 87' lang='lat' dir='ltr'>secundicaerios,</span> <span class='ocrx_word' id='word_1_244' title='bbox 585 3266 699 3326; x_wconf 85' lang='lat' dir='ltr'>notarii</span> <span class='ocrx_word' id='word_1_245' title='bbox 725 3271 759 3326; x_wconf 93' lang='lat' dir='ltr'>et</span> <span class='ocrx_word' id='word_1_246' title='bbox 786 3266 960 3344; x_wconf 85' lang='lat' dir='ltr'>regionarii,</span> <span class='ocrx_word' id='word_1_247' title='bbox 995 3265 1068 3325; x_wconf 90' lang='lat' dir='ltr'>dum</span> <span class='ocrx_word' id='word_1_248' title='bbox 1101 3264 1263 3343; x_wconf 87' lang='lat' dir='ltr'>presbiteri</span> 
     </span>
     <span class='ocr_line' id='line_1_31' title="bbox 153 3359 1263 3438; baseline 0.001 -22"><span class='ocrx_word' id='word_1_249' title='bbox 153 3359 303 3437; x_wconf 87' lang='lat' dir='ltr'>recipient</span> <span class='ocrx_word' id='word_1_250' title='bbox 330 3360 501 3420; x_wconf 85' lang='lat' dir='ltr'>oblaciones</span> <span class='ocrx_word' id='word_1_251' title='bbox 528 3378 583 3419; x_wconf 89' lang='lat' dir='ltr'>ssu</span> <span class='ocrx_word' id='word_1_252' title='bbox 609 3366 642 3420; x_wconf 89' lang='lat' dir='ltr'>et</span> <span class='ocrx_word' id='word_1_253' title='bbox 668 3359 786 3419; x_wconf 80' lang='lat' dir='ltr'>amulas</span> <span class='ocrx_word' id='word_1_254' title='bbox 816 3359 900 3420; x_wconf 86' lang='lat' dir='ltr'>infra</span> <span class='ocrx_word' id='word_1_255' title='bbox 932 3360 1163 3438; x_wconf 83' lang='lat' dir='ltr'>presbyterium,</span> <span class='ocrx_word' id='word_1_256' title='bbox 1198 3365 1263 3417; x_wconf 90' lang='lat' dir='ltr'>tam</span> 
     </span>
     <span class='ocr_line' id='line_1_32' title="bbox 152 3450 1263 3532; baseline 0.001 -21"><span class='ocrx_word' id='word_1_257' title='bbox 152 3450 191 3511; x_wconf 89' lang='lat' dir='ltr'>de</span> <span class='ocrx_word' id='word_1_258' title='bbox 217 3459 306 3530; x_wconf 85' lang='lat' dir='ltr'>parte</span> <span class='ocrx_word' id='word_1_259' title='bbox 332 3454 468 3513; x_wconf 89' lang='lat' dir='ltr'>virorum</span> <span class='ocrx_word' id='word_1_260' title='bbox 494 3472 586 3532; x_wconf 87' lang='lat' dir='ltr'>quam</span> <span class='ocrx_word' id='word_1_261' title='bbox 613 3453 652 3513; x_wconf 94' lang='lat' dir='ltr'>de</span> <span class='ocrx_word' id='word_1_262' title='bbox 679 3453 877 3528; x_wconf 85' lang='lat' dir='ltr'>muliaerum;</span> <span class='ocrx_word' id='word_1_263' title='bbox 907 3460 940 3513; x_wconf 92' lang='lat' dir='ltr'>et</span> <span class='ocrx_word' id='word_1_264' title='bbox 964 3452 1090 3514; x_wconf 86' lang='lat' dir='ltr'>acolithi</span> <span class='ocrx_word' id='word_1_265' title='bbox 1118 3459 1263 3513; x_wconf 88' lang='lat' dir='ltr'>tenentes</span> 
     </span>
     <span class='ocr_line' id='line_1_33' title="bbox 152 3545 766 3625; baseline 0.007 -20"><span class='ocrx_word' id='word_1_266' title='bbox 152 3545 295 3607; x_wconf 87' lang='lat' dir='ltr'>sindones</span> <span class='ocrx_word' id='word_1_267' title='bbox 307 3553 341 3607; x_wconf 89' lang='lat' dir='ltr'>et</span> <span class='ocrx_word' id='word_1_268' title='bbox 354 3547 453 3608; x_wconf 82' lang='lat' dir='ltr'>scilice</span> <span class='ocrx_word' id='word_1_269' title='bbox 466 3546 505 3606; x_wconf 86' lang='lat' dir='ltr'>ad</span> <span class='ocrx_word' id='word_1_270' title='bbox 520 3547 766 3625; x_wconf 88' lang='lat' dir='ltr'>recolligendum.</span> 
     </span>
    </p>

    <p class='ocr_par' dir='ltr' id='par_1_4' title="bbox 153 3640 1265 4005">
     <span class='ocr_line' id='line_1_34' title="bbox 215 3640 1264 3715; baseline 0 -15"><span class='ocrx_word' id='word_1_271' title='bbox 215 3641 336 3702; x_wconf 87' lang='lat' dir='ltr'>Deinde</span> <span class='ocrx_word' id='word_1_272' title='bbox 364 3643 450 3701; x_wconf 88' lang='lat' dir='ltr'>lavat</span> <span class='ocrx_word' id='word_1_273' title='bbox 483 3640 715 3701; x_wconf 86' lang='lat' dir='ltr'>archidiaconus</span> <span class='ocrx_word' id='word_1_274' title='bbox 749 3660 856 3700; x_wconf 89' lang='lat' dir='ltr'>manus</span> <span class='ocrx_word' id='word_1_275' title='bbox 890 3661 969 3715; x_wconf 88' lang='lat' dir='ltr'>suas,</span> <span class='ocrx_word' id='word_1_276' title='bbox 1005 3649 1038 3702; x_wconf 89' lang='lat' dir='ltr'>et</span> <span class='ocrx_word' id='word_1_277' title='bbox 1070 3640 1158 3701; x_wconf 89' lang='lat' dir='ltr'>vadit</span> <span class='ocrx_word' id='word_1_278' title='bbox 1191 3647 1264 3700; x_wconf 89' lang='lat' dir='ltr'>ente</span> 
     </span>
     <span class='ocr_line' id='line_1_35' title="bbox 153 3736 1264 3811; baseline 0 -16"><span class='ocrx_word' id='word_1_279' title='bbox 153 3736 261 3811; x_wconf 86' lang='lat' dir='ltr'>altare,</span> <span class='ocrx_word' id='word_1_280' title='bbox 283 3743 316 3797; x_wconf 89' lang='lat' dir='ltr'>et</span> <span class='ocrx_word' id='word_1_281' title='bbox 336 3737 430 3797; x_wconf 87' lang='lat' dir='ltr'>ceteri</span> <span class='ocrx_word' id='word_1_282' title='bbox 451 3736 571 3797; x_wconf 84' lang='lat' dir='ltr'>diaconi</span> <span class='ocrx_word' id='word_1_283' title='bbox 591 3737 697 3797; x_wconf 87' lang='lat' dir='ltr'>lavant</span> <span class='ocrx_word' id='word_1_284' title='bbox 717 3755 827 3796; x_wconf 88' lang='lat' dir='ltr'>manus</span> <span class='ocrx_word' id='word_1_285' title='bbox 847 3755 927 3810; x_wconf 86' lang='lat' dir='ltr'>suas,</span> <span class='ocrx_word' id='word_1_286' title='bbox 948 3744 982 3796; x_wconf 93' lang='lat' dir='ltr'>et</span> <span class='ocrx_word' id='word_1_287' title='bbox 1005 3742 1116 3795; x_wconf 90' lang='lat' dir='ltr'>tenent</span> <span class='ocrx_word' id='word_1_288' title='bbox 1139 3736 1264 3796; x_wconf 88' lang='lat' dir='ltr'>acolithi</span> 
     </span>
     <span class='ocr_line' id='line_1_36' title="bbox 153 3827 1265 3910; baseline 0 -20"><span class='ocrx_word' id='word_1_289' title='bbox 153 3830 281 3891; x_wconf 88' lang='lat' dir='ltr'>sindone</span> <span class='ocrx_word' id='word_1_290' title='bbox 301 3850 370 3891; x_wconf 90' lang='lat' dir='ltr'>cum</span> <span class='ocrx_word' id='word_1_291' title='bbox 389 3832 511 3891; x_wconf 88' lang='lat' dir='ltr'>oblatas</span> <span class='ocrx_word' id='word_1_292' title='bbox 531 3850 607 3910; x_wconf 88' lang='lat' dir='ltr'>quas</span> <span class='ocrx_word' id='word_1_293' title='bbox 627 3830 743 3908; x_wconf 89' lang='lat' dir='ltr'>recepit</span> <span class='ocrx_word' id='word_1_294' title='bbox 763 3828 903 3908; x_wconf 79' lang='lat' dir='ltr'>pontifex</span> <span class='ocrx_word' id='word_1_295' title='bbox 923 3851 943 3889; x_wconf 88' lang='lat' dir='ltr'>a</span> <span class='ocrx_word' id='word_1_296' title='bbox 962 3829 1074 3908; x_wconf 91' lang='lat' dir='ltr'>populo</span> <span class='ocrx_word' id='word_1_297' title='bbox 1097 3830 1131 3888; x_wconf 91' lang='lat' dir='ltr'>in</span> <span class='ocrx_word' id='word_1_298' title='bbox 1154 3827 1265 3891; x_wconf 86' lang='lat' dir='ltr'>dextro</span> 
     </span>
     <span class='ocr_line' id='line_1_37' title="bbox 153 3923 1265 4005; baseline -0.004 -17"><span class='ocrx_word' id='word_1_299' title='bbox 153 3945 247 3988; x_wconf 86' lang='lat' dir='ltr'>cornu</span> <span class='ocrx_word' id='word_1_300' title='bbox 282 3925 408 4000; x_wconf 87' lang='lat' dir='ltr'>altaris;</span> <span class='ocrx_word' id='word_1_301' title='bbox 444 3931 478 3986; x_wconf 88' lang='lat' dir='ltr'>et</span> <span class='ocrx_word' id='word_1_302' title='bbox 508 3925 666 4005; x_wconf 87' lang='lat' dir='ltr'>eliguntur</span> <span class='ocrx_word' id='word_1_303' title='bbox 693 3943 744 3987; x_wconf 85' lang='lat' dir='ltr'>eas</span> <span class='ocrx_word' id='word_1_304' title='bbox 772 3945 792 3985; x_wconf 86' lang='lat' dir='ltr'>a</span> <span class='ocrx_word' id='word_1_305' title='bbox 818 3923 1004 3987; x_wconf 86' lang='lat' dir='ltr'>subdiacono</span> <span class='ocrx_word' id='word_1_306' title='bbox 1030 3923 1203 4003; x_wconf 80' lang='lat' dir='ltr'>temperita,</span> <span class='ocrx_word' id='word_1_307' title='bbox 1231 3931 1265 3985; x_wconf 88' lang='lat' dir='ltr'>et</span> 
     </span>
    </p>
   </div>
   <div class='ocr_carea' id='block_1_3' title="bbox 614 4163 790 4240">
    <p class='ocr_par' dir='ltr' id='par_1_5' title="bbox 614 4163 790 4240">
     <span class='ocr_line' id='line_1_38' title="bbox 614 4163 790 4240; baseline 0.011 -17"><span class='ocrx_word' id='word_1_308' title='bbox 614 4167 645 4240; x_wconf 84' lang='lat' dir='ltr'>(i)</span> <span class='ocrx_word' id='word_1_309' title='bbox 664 4163 790 4225; x_wconf 83' lang='lat' dir='ltr'>mulieris</span> 
     </span>
    </p>
   </div>
   <div class='ocr_carea' id='block_1_4' title="bbox 0 0 1426 4816">
    <p class='ocr_par' dir='ltr' id='par_1_6' title="bbox 0 0 1426 4816">
     <span class='ocr_line' id='line_1_39' title="bbox 0 0 1426 4816; baseline 0 0"><span class='ocrx_word' id='word_1_310' title='bbox 0 0 1426 4816; x_wconf 95' lang='lat' dir='ltr'> </span> 
     </span>
    </p>
   </div>
  </div>
 </body>
</html>
