2806 4822
157 384 220 450 510
264 399 445 450 cnnrsrrsu
467 399 637 451 wossnu:
662 398 713 449 rrs
735 398 852 450 omen
874 398 944 448 uro
968 397 1178 449 avonnnos.

406 751 452 833 (a)
476 750 536 813 aa
558 749 676 813 aas„
696 749 733 828 of
750 749 796 810 ae
817 746 1027 830 aaaron

215 947 289 1008 Post
308 946 366 1007 hoc
392 965 464 1024 ergo
489 946 582 1004 missa
601 943 684 1003 facta
711 943 750 1002 de
769 943 875 1016 Oruoe,
895 944 928 1003 id
955 951 1005 1004 est
1033 949 1206 1024 antequam
1231 945 1269 1005 sol

152 1042 306 1120 procedat,
334 1041 440 1100 statim
467 1038 675 1117 unusquisque
702 1038 830 1096 animosi
856 1037 973 1097 vadent
1000 1038 1037 1096 in
1066 1037 1154 1117 Syon
1188 1059 1268 1099 orare

153 1136 193 1195 ad
221 1136 390 1194 columnam
416 1133 501 1191 illam
525 1132 565 1191 ad
591 1151 682 1210 quam
705 1131 876 1208 flagellatus
902 1138 950 1190 est
978 1131 1146 1192 Dominus.
1198 1134 1270 1195 Inde

153 1230 267 1288 reversi
293 1227 401 1286 sedent
428 1225 545 1285 modice
571 1224 604 1282 in
632 1223 769 1284 domibus
796 1225 868 1296 suis,
897 1230 930 1283 et
957 1226 1068 1285 statim
1090 1227 1155 1286 toti
1176 1229 1269 1305 parati

153 1330 235 1381 sunt.

483 1642 526 1725 (c)
547 1641 710 1703 Adorots'oa
729 1641 767 1720 os
783 1642 828 1702 tle
851 1640 943 1703 Orous.

213 1834 256 1894 Et
279 1835 322 1894 sic
342 1835 467 1913 ponitur
488 1833 634 1892 cathedra
653 1833 791 1911 episcopo
807 1833 842 1892 in
857 1832 1011 1910 Golgotha
1035 1842 1110 1913 post
1132 1837 1265 1910 Oruoen

153 1948 230 2006 quae
250 1935 315 1988 stat
336 1947 417 1987 nunc
429 1928 454 2001 ;¹
477 1927 590 1986 residet
610 1927 766 2006 episcopus
786 1926 836 1985 hic
859 1925 1026 2001 cathedra;
1045 1931 1179 2006 ponitur
1200 1939 1266 1991 ante

151 2040 221 2080 cum
248 2041 352 2080 mensa
379 2020 566 2080 sublinteata
577 2041 586 2093 ;
620 2026 706 2079 stant
734 2020 768 2078 in
801 2021 868 2098 giro
899 2039 1003 2080 mensa
1038 2023 1208 2101 diacones3
1237 2034 1266 2086 et

151 2113 279 2174 affertur
293 2113 410 2174 loculus
423 2120 586 2191 argenteus
605 2113 771 2173 deauratus
787 2113 821 2172 in
840 2132 900 2191 quo
917 2120 965 2173 est
984 2113 1108 2192 lignum
1130 2128 1263 2181 sanctum

151 2209 250 2267 crucis
259 2229 269 2283 3
297 2208 434 2286 aperitur
458 2214 490 2265 et
512 2206 687 2284 profertur,
714 2208 839 2285 ponitur
859 2208 893 2266 in
914 2227 1019 2268 mensa
1038 2229 1135 2288 quam
1154 2215 1264 2294 lignum

149 2303 255 2374 crucis,
284 2322 375 2381 quam
403 2302 524 2362 titulus.
581 2301 659 2362 Oum
692 2321 764 2380 ergo
794 2301 928 2380 positum
953 2301 1052 2364 fuerit
1081 2308 1121 2369 in
1156 2329 1262 2383 mensa

150 2397 307 2474 opiscopus
330 2396 439 2456 sedens
460 2396 499 2455 de
522 2397 663 2456 manibus
690 2397 753 2455 suis
774 2397 965 2456 summitates
985 2397 1025 2457 de
1049 2399 1141 2479 ligno
1162 2415 1265 2466 uncto

149 2497 267 2567 premet
279 2509 288 2563 ;
315 2489 456 2548 diacones
482 2495 586 2547 autem
613 2490 666 2567 qui
693 2490 727 2548 in
754 2489 820 2566 giro
846 2495 933 2548 stant
959 2492 1150 2556 custodient.
1200 2498 1262 2559 Hoc

149 2590 251 2643 autem
279 2591 439 2661 propterea
467 2584 510 2641 sic
537 2582 717 2656 custoditur,
742 2583 814 2662 quia
841 2583 1028 2645 consuetudo
1050 2596 1102 2648 est
1127 2599 1166 2651 nt
1189 2613 1262 2654 unus

148 2686 182 2736 ot
204 2698 284 2737 unus
305 2679 403 2737 omnis
427 2678 556 2756 populus
578 2679 713 2751 veniens,
730 2685 794 2738 tarn
813 2678 916 2739 fideles
933 2699 1025 2758 quam
1047 2684 1261 2761 cathecumini,

149 2775 302 2833 aeclinant
316 2794 349 2833 se
363 2773 402 2832 ad
416 2793 559 2845 mensam,
575 2774 752 2834 osculentur
770 2781 910 2834 sanctum
929 2774 1055 2852 lignum,
1071 2785 1107 2838 et
1126 2790 1261 2861 pom.

147 2876 245 2931 seant.
302 2869 346 2926 Et
373 2868 525 2944 quoniam,
556 2869 656 2927 nescio
688 2868 818 2946 quando,
853 2868 966 2928 dicitur
999 2871 1129 2947 quidam
1163 2877 1260 2938 fixisse

146 2983 278 3022 morsum
305 2970 337 3021 et
364 2962 498 3020 iurasset
522 2968 628 3020 sancto
649 2962 740 3039 ligno,
766 2962 834 3022 ideo
856 2983 937 3023 nunc
961 2984 980 3021 a
1001 2964 1187 3029 diaconibus
1210 2974 1258 3051 qui

146 3059 180 3116 in
201 3058 267 3135 giro
291 3062 386 3128 stant,
401 3057 444 3114 sic
468 3055 648 3128 custoditur,
669 3075 707 3115 ne
729 3057 797 3134 quis
820 3057 945 3115 venicus
967 3058 1081 3119 audeat
1099 3061 1204 3124 denuo
1220 3068 1260 3126 sio

147 3152 265 3224 facere,
295 3171 330 3210 ao
354 3151 397 3208 sic
420 3155 452 3207 et
476 3148 611 3208 titulum.
655 3149 736 3227 Ergo
759 3150 857 3207 omnis
880 3150 1008 3228 populus
1032 3158 1161 3231 transit,
1186 3180 1263 3220 unus

148 3251 180 3302 et
207 3264 294 3315 unus,
325 3243 384 3301 toti
408 3242 593 3300 acclinantes
617 3260 658 3310 se,
684 3243 814 3319 primum
837 3243 875 3302 de
896 3243 999 3303 fronte
1021 3247 1064 3304 sic
1087 3247 1129 3308 de
1152 3253 1261 3312 occulis

146 3344 309 3416 tangentes
323 3357 442 3397 crucem
456 3343 488 3395 ct
502 3336 545 3394 sic
560 3336 731 3395 osculantes
745 3356 863 3396 crucem
877 3343 1096 3414 pertranseunt
1108 3362 1118 3415 ;
1139 3363 1261 3405 manum

145 3439 248 3490 autem
276 3451 363 3490 nemo
390 3430 489 3489 mittit
517 3430 556 3489 ad
587 3431 784 3507 tangendum.
840 3433 887 3490 At
916 3433 968 3490 ubi
995 3440 1102 3494 autern
1131 3440 1260 3499 osculati

145 3527 263 3584 fuerint
296 3545 423 3597 crucem,
457 3524 700 3602 pertransierint,
730 3530 796 3583 stat
829 3525 982 3599 diacoma,
1010 3533 1100 3589 tenet
1136 3534 1260 3593 anulum

146 3618 315 3678 Salomonis
335 3626 367 3678 et
388 3637 482 3678 cornu
502 3616 578 3676 illud
593 3616 631 3676 de
646 3637 706 3695 quo
720 3638 805 3696 reges
826 3621 1061 3698 unguebantur5
1080 3627 1260 3689 osculum

144 3721 178 3771 et
191 3733 295 3787 cornu,
308 3713 472 3773 attendent
485 3718 518 3771 et
531 3712 657 3770 anulum

387 3807 488 3865 minus
501 3803 633 3864 monada
983 3827 1081 3888 usque
1094 3813 1138 3874 od
1152 3814 1257 3876 horam

191 4026 199 4056 ¹
217 4026 231 4074 I
248 4025 282 4076 do
298 4028 343 4076 not
359 4023 519 4077 understand
535 4040 600 4090 quoe
615 4028 666 4075 etot
683 4041 767 4077 anna:
783 4024 907 4091 probably
924 4025 947 4077 it
965 4025 988 4077 is
1004 4040 1023 4078 a
1038 4027 1158 4084 mistalrs
1173 4033 1203 4084 of
1217 4031 1261 4084 the

139 4104 249 4169 copyist.
