2814 4816
619 435 793 486 mousom.
1196 409 1261 478 471

153 592 358 671 unusquisqm
385 611 438 671 per
463 594 589 654 titulum
612 614 700 655 suum
721 594 797 654 feeit
820 595 912 654 missa
934 598 967 652 et
989 591 1083 651 habet
1106 588 1261 648 licentiam

153 683 256 744 sedere
269 686 303 744 in
316 685 387 746 sede
405 693 438 746 et
458 686 558 747 dicere
580 686 684 748 oona
704 687 736 748 in
755 686 874 748 eneeleia
894 685 967 747 Deo.
1011 684 1055 743 Et
1074 680 1264 742 transmittit

154 780 359 857 unusquisque
378 781 528 858 presbiter
548 781 783 842 mansionarium
803 781 842 841 de
862 781 956 841 titulo
976 800 1031 840 eno
1047 778 1088 838 ad
1107 778 1263 838 ecelesiam

153 870 328 948 Salvatoris,
341 882 374 935 et
387 883 552 955 expectent
565 877 610 936 ibi
624 877 801 956 usquedum
815 876 970 954 frangitur
983 880 1098 946 sancta
1113 873 1262 933 hebentes

152 982 253 1024 secum
279 970 454 1045 corporales.
499 968 541 1027 Et
561 970 648 1029 venit
675 969 894 1029 oblationarius
921 967 1133 1039 subdiaconus,
1154 972 1187 1024 et
1207 966 1263 1025 dat

152 1057 197 1114 eis
226 1057 264 1117 de
292 1067 399 1118 saneta
426 1062 507 1139 quod
533 1061 673 1140 pontifex
700 1063 898 1134 consecravit,
922 1067 956 1120 et
984 1062 1136 1139 recipiunt
1163 1079 1200 1119 ee
1228 1061 1263 1119 in

152 1154 328 1229 corporales,
344 1162 377 1214 et
389 1157 557 1216 revertitur
577 1157 783 1234 unusquisque
801 1156 842 1216 ad
861 1156 989 1215 titulum
1008 1174 1098 1215 suum
1111 1160 1144 1214 et
1164 1153 1262 1214 tradit

152 1255 260 1308 sancta
287 1251 465 1327 presbitero.
507 1251 551 1310 Et
575 1251 613 1311 de
636 1251 703 1328 ipae
725 1250 802 1310 facit
825 1268 943 1310 erucem
967 1268 1058 1327 super
1082 1249 1205 1308 calicem
1229 1254 1264 1307 et

151 1343 239 1419 ponit
258 1344 292 1402 in
304 1362 340 1403 eo
358 1351 391 1404 et
404 1344 480 1405 dicit
494 1345 635 1406 Dominoe
654 1345 800 1406 oobiemm
842 1345 885 1405 Et
905 1345 1128 1405 communicant
1147 1362 1262 1416 omnes,

153 1435 233 1495 sicut
247 1436 392 1514 superius

214 1526 257 1586 Et
269 1528 345 1588 dicit
359 1527 503 1588 dieconm
517 1527 571 1602 Io,
588 1528 683 1589 Mimo
697 1537 747 1589 eei.

213 1621 253 1678 In
272 1620 378 1698 vigilia
399 1619 579 1680 Pentecoste
599 1621 680 1680 sicut
702 1621 736 1679 in
757 1619 893 1679 Sabbato
915 1626 1021 1680 sancto
1042 1621 1088 1680 ita
1110 1622 1262 1700 agendum

151 1717 200 1770 est
209 1732 218 1785 ;
239 1711 291 1771 sed
309 1719 433 1772 tentum
453 1733 516 1773 una
536 1714 653 1774 letanie
672 1714 712 1773 ad
732 1713 850 1773 fontem
870 1719 903 1773 et
922 1714 984 1773 elie
1003 1733 1059 1792 pro
1079 1715 1262 1798 int[roitu];

151 1806 338 1866 offertorium
362 1827 415 1867 seu
438 1808 576 1868 Alleluia
596 1809 644 1867 vel
667 1808 836 1886 antiphona
858 1807 897 1866 ed
922 1810 1159 1869 communionem
1181 1812 1262 1871 sicut

152 1901 290 1960 eontinet
303 1901 336 1960 in
350 1901 580 1962 antifonarium.

212 1995 253 2052 In
274 1995 340 2072 ipsa
364 2002 453 2053 necte
480 2001 588 2054 saneta
615 1993 870 2066 Resurrectionis,
894 2000 964 2071 post
990 1996 1140 2074 gallorum
1167 2003 1261 2056 contu

150 2087 334 2165 surgendum
358 2095 415 2150 est.
466 2089 509 2147 Et
530 2087 604 2148 dum
626 2088 768 2147 venerint
792 2086 831 2146 ed
856 2087 1011 2148 eeclesiam
1039 2096 1072 2148 et
1095 2091 1261 2164 oraverint,

150 2181 289 2240 osculant
311 2200 344 2241 se
368 2181 497 2240 invicem
520 2200 588 2240 eum
612 2181 741 2243 silentio
786 2181 906 2240 Deinde
928 2181 1003 2242 dicit
1024 2182 1106 2242 Dece
1125 2181 1158 2243 in
1178 2182 1261 2262 adju

150 2276 252 2336 lorium
271 2295 370 2338 meone.
414 2276 559 2354 Sequitur
585 2276 797 2335 invitatorium
825 2295 893 2335 eum
912 2276 1068 2337 Alleluia:
1090 2284 1260 2356 sequuntur

151 2368 215 2430 III.
229 2369 337 2447 psalmi
360 2389 430 2429 cum
451 2369 604 2429 Alleluia:
626 2367 739 2429 Beatos
759 2368 810 2441 eir,
835 2368 934 2441 onore
949 2369 1132 2446 fremuerent
1152 2377 1257 2448 pentec,

149 2462 281 2535 Domine,
306 2463 376 2542 qnid
403 2462 587 2544 multiplieoti
613 2471 685 2523 mni.
730 2462 875 2541 Sequitur
897 2482 1013 2537 versus,
1036 2470 1069 2524 et
1090 2465 1259 2524 cretionem

149 2556 205 2616 dat
232 2557 390 2635 presbiter.
435 2556 556 2616 Deinde
582 2563 728 2616 secuntur
755 2556 819 2615 III.
841 2557 986 2617 lectiones
1010 2565 1043 2617 et
1070 2559 1260 2635 responsorio.

148 2648 285 2721 totidem,
309 2650 408 2726 prime
431 2649 522 2708 lectio
542 2647 581 2708 de
602 2648 735 2708 Actibus
756 2649 982 2726 apostolorum
1011 2648 1084 2709 inde
1108 2650 1241 2709 secunda
1251 2670 1260 2724 ;

148 2742 242 2801 tertia
260 2740 298 2799 de
318 2740 429 2801 omiliis
449 2741 488 2800 ad
508 2742 606 2819 ipsum
627 2741 707 2801 diem
727 2742 956 2819 pertinentium.
998 2742 1143 2821 Sequitur
1162 2749 1260 2805 matu-

148 2836 247 2894 tinum
261 2853 330 2893 cum
344 2834 489 2894 Alleluia.

208 2927 297 2987 Infra
311 2928 410 2986 Albas
431 2927 573 3000 Paschae,
590 2935 654 2987 tres
673 2928 804 3006 psalmos
824 2947 877 3006 per
898 2935 1047 2989 nocturno
1067 2930 1258 3007 inponuntur

146 3022 354 3100 persingulas
375 3029 480 3081 noctes
500 3041 595 3100 usque
615 3022 648 3080 in
669 3021 800 3081 Octavus
821 3020 963 3095 Paschae,
979 3023 1011 3082 id
1032 3029 1088 3096 est,
1102 3023 1181 3083 feria
1201 3024 1258 3097 11⁸,

148 3115 218 3177 &tm
239 3117 405 3188 invocarem,
427 3115 521 3176 Verbo
542 3134 615 3187 meo,
630 3115 754 3175 Domine
771 3135 807 3174 ne
825 3115 856 3174 in
870 3116 976 3193 sorore
997 3124 1064 3188 mo,·
1083 3116 1162 3175 feria
1180 3117 1256 3191 111¹,

147 3214 268 3274 Domine
290 3213 372 3275 Dece
393 3234 478 3288 mem,
501 3214 623 3274 Domine
644 3214 786 3274 Dominus
804 3222 907 3289 notter,
922 3214 961 3274 In
980 3213 1106 3274 Domino
1126 3216 1256 3294 confido;

145 3307 223 3367 ferie
241 3306 338 3379 1111·,
351 3306 470 3366 Salvom
488 3326 532 3366 me
545 3306 603 3383 soc
617 3306 749 3379 Domine,
768 3305 915 3386 Usqmqm
935 3306 1067 3385 Domine,
1083 3307 1170 3368 Dicit
1190 3309 1253 3368 inei·

141 3403 246 3480 piena,·
260 3401 339 3460 feria
350 3399 400 3472 V¹,
413 3398 537 3461 Domine
548 3400 611 3479 quie
625 3399 772 3473 habitabit,
786 3398 928 3460 comma
938 3421 982 3460 me
992 3400 1125 3473 Domine,
1136 3401 1259 3461 Donum

145 3496 289 3572 Domine5
312 3496 389 3555 feria
403 3495 473 3567 VI¹,
491 3493 576 3555 Oceli
595 3503 742 3568 emmoni,
758 3495 912 3554 Dnoodioi
926 3504 953 3555 te
967 3495 1116 3569 Dominio,
1132 3495 1256 3556 Domine

145 3593 176 3652 in
196 3591 299 3651 oirtoie
323 3599 395 3663 toa,·
415 3591 553 3663 sabbato,
575 3588 694 3649 Domini
717 3597 759 3649 eet
781 3597 869 3662 terro,
889 3588 938 3647 Ad
959 3597 986 3648 ie
1008 3588 1132 3650 Domine
1153 3590 1255 3664 heom,

144 3685 253 3746 Jodieo
266 3703 309 3744 me
323 3682 455 3743 Domine.
498 3683 537 3742 Iu
551 3682 701 3743 dominica
719 3703 791 3743 vero
810 3683 944 3744 Octabea
965 3683 1099 3743 Paschae
1119 3685 1253 3763 vigiliam

142 3780 264 3858 plenam
283 3777 412 3852 fuciunt,
427 3777 507 3838 sicut
520 3797 584 3837 mos
598 3783 655 3850 est,
669 3796 737 3838 eum
752 3776 867 3841 VIIII.
882 3776 1063 3837 lectionibus
1077 3784 1109 3837 et
1123 3778 1252 3838 totidem

143 3873 350 3952 responsoriis.
