2814 4816
667 713 731 774 IIL

488 923 657 982 Fnerrvem
677 938 716 982 nr
737 921 917 982 Errrniur.

400 1119 427 1179 l.
450 1116 609 1178 Nocturnol
629 1117 743 1179 station
764 1125 796 1177 ot
817 1115 993 1178 Bethlehem.

690 1318 706 1353 1

208 1322 381 1445 Beoldiotur
403 1318 454 1459 qh·
469 1323 594 1442 teritio
614 1383 725 1442 nomine
739 1324 859 1442 Domitii
878 1387 911 1442 et
932 1320 1034 1441 nothe
1054 1319 1134 1458 qun:
1152 1399 1257 1440 secun·

146 1486 207 1539 tur.
250 1478 294 1538 Et
312 1475 455 1555 quonium
476 1496 531 1554 per
551 1484 754 1550 monecontee,
775 1479 829 1556 qui
850 1477 977 1555 pedibus
997 1475 1122 1550 vedent,
1137 1495 1259 1536 neceeee

146 1579 193 1633 eet
213 1573 310 1632 levius
330 1570 378 1642 iri,
392 1587 428 1626 ec
449 1571 492 1628 eic
511 1573 690 1649 pervenitur
708 1571 731 1631 J
732 1572 894 1632 erusolime
914 1591 950 1631 ee
970 1571 1127 1649 horaque
1146 1569 1257 1648 incipit

147 1667 235 1727 homo
247 1666 400 1726 hominem
422 1684 508 1746 poree
529 1684 716 1743 cognoscere,
731 1665 762 1725 id
783 1672 831 1726 eet
852 1684 945 1744 prope
966 1665 1041 1737 luce,
1057 1672 1131 1724 ente
1151 1670 1257 1724 teimn

147 1781 238 1841 quem
273 1760 326 1819 lux
361 1761 425 1820 fiet.
482 1759 548 1819 Ubi
583 1779 651 1820 cum
685 1766 866 1838 perventum
893 1758 989 1818 fuerit
1016 1759 1123 1817 stetim
1151 1757 1195 1818 eio
1222 1759 1258 1818 in

147 1854 302 1913 Anmtoee
321 1854 494 1931 ingreditur
514 1853 672 1932 epiecopus
692 1860 726 1913 et
744 1872 848 1913 omnes
868 1871 938 1912 oum
956 1871 1000 1923 eo,
1018 1851 1073 1911 ubi
1093 1851 1257 1910 luminaria

146 1949 209 2024 jum
236 1967 328 2024 euprc
354 1948 443 2008 modo
469 1948 582 2007 lucent.
634 1947 759 2007 Dicitur
780 1967 853 2024 ergo
878 1946 923 2006 ibi
947 1965 1028 2006 unus
1051 1945 1194 2022 peolmue,
1219 1945 1256 2004 fit

147 2041 254 2112 oratio,
281 2042 505 2101 benedicuntur
537 2042 577 2099 ob
610 2043 750 2119 episcopo
776 2042 907 2120 primum
942 2038 1155 2112 cathecumini,
1182 2039 1258 2097 item

147 2135 260 2196 fideles.
303 2135 427 2214 Recipit
453 2154 486 2195 ee
512 2135 677 2214 epiecopus,
707 2142 741 2195 et
768 2134 885 2194 vedent
912 2153 945 2193 ee
973 2132 1183 2210 unusquisqne
1216 2129 1257 2190 ed

147 2230 291 2306 ospitium
311 2248 408 2302 ouum,
427 2235 465 2288 ut
488 2248 521 2288 ee
543 2234 709 2289 resumant.
750 2228 951 2289 Monozontee
973 2232 1077 2286 eutem
1101 2244 1198 2305 usque
1217 2224 1257 2284 od

147 2323 246 2383 lucem
259 2323 303 2382 ibi
315 2330 397 2395 eunt,
413 2330 446 2382 et
459 2341 567 2400 ymnoe
581 2322 697 2384 dicunt.

514 2648 541 2705 2.
563 2644 646 2705 More
667 2653 699 2705 ot
721 2644 892 2706 Jerusalem.

208 2832 255 2890 At
289 2830 343 2890 ubi
377 2836 479 2889 eutem
514 2831 710 2907 resumpserit
743 2848 776 2889 ee
810 2830 948 2908 populus,
983 2827 1058 2887 horo
1092 2828 1257 2907 incipiente

146 2924 288 2997 necundo,
316 2923 459 3000 colligent
483 2942 515 2981 ee
543 2942 646 2983 omnes
679 2925 714 2983 in
741 2924 866 2982 eooleeio
893 2922 1008 3002 majore
1034 2942 1112 3000 quae
1139 2927 1188 2981 eet
1223 2921 1257 2978 in

147 3017 308 3096 Golgothu
353 3015 414 3086 Qui
435 3021 538 3074 nutem
558 3023 685 3075 ornetne
709 3016 751 3075 eit
772 3016 827 3074 illo
850 3014 900 3074 die
923 3015 1067 3074 ecclesiae
1089 3014 1138 3073 vel
1162 3013 1258 3072 Anec

146 3115 230 3184 tocie,
246 3118 302 3170 out
316 3108 430 3180 Orucie,
446 3115 502 3168 eut
522 3109 556 3166 in
575 3108 734 3169 Bethleem
753 3109 939 3187 superfluum
960 3108 1023 3167 fuit
1044 3107 1145 3167 scribi.
1190 3106 1257 3167 Ubi

146 3216 235 3268 extre
259 3222 367 3264 eurum
391 3208 423 3261 et
445 3222 577 3279 gemmeo
597 3210 654 3263 eut
674 3204 770 3276 eirico,
794 3202 889 3262 nichil
910 3201 995 3261 eliud
1009 3200 1094 3261 vides
1104 3222 1114 3274 ;
1133 3220 1205 3260 nem
1224 3208 1258 3260 ot

146 3304 173 3362 ei
191 3301 260 3361 velo
280 3297 373 3369 vides,
393 3298 554 3357 euroolevn
575 3299 721 3359 oloserice
741 3305 815 3359 eunt
825 3320 834 3371 ;
854 3300 882 3357 si
904 3298 1039 3357 cortinae
1061 3295 1157 3370 video,
1178 3298 1257 3356 eimi-

146 3399 218 3457 liter
245 3393 425 3454 ourocluvue
451 3393 612 3453 olosericae
647 3399 731 3455 eunt.
787 3393 995 3453 Ministerium
1030 3397 1134 3452 eutem
1168 3412 1257 3453 omne

143 3606 209 3656 from
226 3598 389 3651 Bethlehem
423 3598 480 3649 The
497 3599 575 3664 night
590 3600 662 3652 Mure
678 3616 712 3651 on
728 3599 872 3652 Ohrietmee
889 3599 945 3650 Eve
960 3614 1012 3650 wer
1029 3597 1182 3650 introduced
1198 3600 1256 3651 into

144 3683 225 3732 Rome
235 3679 265 3728 in
275 3674 322 3727 the
333 3675 456 3725 oonreeoi
465 3676 511 3726 the
518 3675 579 3728 flith
586 3677 832 3743 ceutury,probobly
843 3678 872 3727 in
882 3676 1052 3728 imitationes
1061 3675 1106 3726 the
1117 3679 1216 3727 cuetom
1227 3680 1256 3727 ct

145 3756 298 3811 Jerusalem.
331 3753 359 3803 It
377 3767 460 3805 eecme
477 3758 505 3804 to
520 3753 588 3806 hove
603 3756 670 3806 been
686 3756 753 3806 luter
768 3755 834 3807 thou
850 3755 896 3805 the
913 3752 1067 3804 ioundetion
1082 3753 1112 3803 oi
1126 3752 1153 3803 S.
1169 3753 1256 3803 Morio

146 3834 283 3900 Meggiore
293 3832 364 3894 (ciro
376 3832 446 3893 435).
463 3849 480 3882 e
497 3832 595 3883 ohuroh
611 3833 640 3882 in
657 3832 742 3884 which
759 3833 813 3883 thie
830 3831 965 3882 nocturnal
982 3831 1078 3881 etotion
1090 3845 1142 3881 wer
1159 3829 1257 3894 elwoye

147 3913 217 3964 held
252 3910 265 3959 1
282 3909 350 3960 here
369 3911 510 3976 explained
526 3911 666 3961 elsewhere
682 3911 754 3974 (Mel.
765 3911 795 3961 de
811 3900 902 3961 Pd'cole
917 3910 949 3961 de
959 3909 1042 3967 Rome,
1053 3908 1102 3960 rol.
1114 3909 1159 3960 rii.
1171 3923 1196 3972 p.
1208 3909 1257 3959 40⁵

144 3996 168 4042 et
185 3993 246 4057 neq.)
265 3991 310 4042 the
326 3992 413 4055 origin
430 3991 459 4040 oi
479 4005 526 4041 our
546 3988 617 4040 third
634 3989 706 4041 Mure
727 4005 759 4039 on
777 3988 921 4040 Chrietmoe
937 3985 1125 4052 (“Doy·breok
1141 3986 1256 4050 Muen''),

146 4069 232 4123 which
244 4074 335 4121 umet
346 4069 402 4121 drot
413 4069 536 4121 eutition
548 4068 576 4119 iu
588 4066 725 4126 honouriof
735 4066 772 4119 St
784 4066 931 4118 mucio.

1062 4145 1127 4211 21<
