<?xml version="1.0" encoding="UTF-8"?>
<!DOCTYPE html PUBLIC "-//W3C//DTD XHTML 1.0 Transitional//EN"
    "http://www.w3.org/TR/xhtml1/DTD/xhtml1-transitional.dtd">
<html xmlns="http://www.w3.org/1999/xhtml" xml:lang="en" lang="en">
 <head>
  <title>
</title>
<meta http-equiv="Content-Type" content="text/html;charset=utf-8" />
  <meta name='ocr-system' content='tesseract 3.04.00' />
  <meta name='ocr-capabilities' content='ocr_page ocr_carea ocr_par ocr_line ocrx_word'/>
</head>
<body>
  <div class='ocr_page' id='page_1' title='image "./christianworshi01mcclgoog_0237.png"; bbox 0 0 2814 4816; ppageno 0'>
   <div class='ocr_carea' id='block_1_1' title="bbox 203 393 1200 463">
    <p class='ocr_par' dir='ltr' id='par_1_1' title="bbox 203 393 1200 463">
     <span class='ocr_line' id='line_1_1' title="bbox 203 393 1200 463; baseline 0.006 -9"><span class='ocrx_word' id='word_1_1' title='bbox 203 393 265 457; x_wconf 77' lang='lat'>216</span> <span class='ocrx_word' id='word_1_2' title='bbox 312 411 488 460; x_wconf 69' lang='lat' dir='ltr'>sustentes</span> <span class='ocrx_word' id='word_1_3' title='bbox 512 412 678 462; x_wconf 84' lang='lat' dir='ltr'>WORSHIP:</span> <span class='ocrx_word' id='word_1_4' title='bbox 702 414 753 462; x_wconf 86' lang='lat' dir='ltr'>ITS</span> <span class='ocrx_word' id='word_1_5' title='bbox 777 414 889 462; x_wconf 72' lang='lat' dir='ltr'>oniam*</span> <span class='ocrx_word' id='word_1_6' title='bbox 914 416 983 463; x_wconf 77' lang='lat' dir='ltr'>AND</span> <span class='ocrx_word' id='word_1_7' title='bbox 1006 415 1200 462; x_wconf 77' lang='lat' dir='ltr'>uvouu&#39;rlou.</span> 
     </span>
    </p>
   </div>
   <div class='ocr_carea' id='block_1_2' title="bbox 200 567 1312 1546">
    <p class='ocr_par' dir='ltr' id='par_1_2' title="bbox 200 567 1312 1546">
     <span class='ocr_line' id='line_1_2' title="bbox 202 567 1310 641; baseline -0.001 -18"><span class='ocrx_word' id='word_1_8' title='bbox 202 583 299 638; x_wconf 88' lang='lat' dir='ltr'>penem</span> <span class='ocrx_word' id='word_1_9' title='bbox 323 569 439 625; x_wconf 84' lang='lat' dir='ltr'>elevavit</span> <span class='ocrx_word' id='word_1_10' title='bbox 461 569 552 626; x_wconf 91' lang='lat' dir='ltr'>oculos</span> <span class='ocrx_word' id='word_1_11' title='bbox 571 569 606 625; x_wconf 91' lang='lat' dir='ltr'>ad</span> <span class='ocrx_word' id='word_1_12' title='bbox 625 575 661 639; x_wconf 88' lang='lat' dir='ltr'>te,</span> <span class='ocrx_word' id='word_1_13' title='bbox 683 571 769 625; x_wconf 89' lang='lat' dir='ltr'>Deum</span> <span class='ocrx_word' id='word_1_14' title='bbox 792 571 899 626; x_wconf 90' lang='lat' dir='ltr'>Patrem</span> <span class='ocrx_word' id='word_1_15' title='bbox 919 588 995 626; x_wconf 90' lang='lat' dir='ltr'>suum</span> <span class='ocrx_word' id='word_1_16' title='bbox 1019 571 1239 641; x_wconf 86' lang='lat' dir='ltr'>omnipotentem,</span> <span class='ocrx_word' id='word_1_17' title='bbox 1260 567 1310 623; x_wconf 92' lang='lat' dir='ltr'>tibi</span> 
     </span>
     <span class='ocr_line' id='line_1_3' title="bbox 200 651 1311 724; baseline 0 -19"><span class='ocrx_word' id='word_1_18' title='bbox 200 651 301 721; x_wconf 85' lang='lat' dir='ltr'>gratias</span> <span class='ocrx_word' id='word_1_19' title='bbox 323 669 406 724; x_wconf 88' lang='lat' dir='ltr'>agens</span> <span class='ocrx_word' id='word_1_20' title='bbox 424 652 570 723; x_wconf 76' lang='lat' dir='ltr'>benedixit,</span> <span class='ocrx_word' id='word_1_21' title='bbox 599 653 684 724; x_wconf 85' lang='lat' dir='ltr'>fregit,</span> <span class='ocrx_word' id='word_1_22' title='bbox 705 651 829 724; x_wconf 78' lang='lat' dir='ltr'>deditque</span> <span class='ocrx_word' id='word_1_23' title='bbox 848 652 983 724; x_wconf 79' lang='lat' dir='ltr'>discipulis</span> <span class='ocrx_word' id='word_1_24' title='bbox 1003 653 1058 708; x_wconf 89' lang='lat' dir='ltr'>suis</span> <span class='ocrx_word' id='word_1_25' title='bbox 1079 652 1170 708; x_wconf 91' lang='lat' dir='ltr'>dicens</span> <span class='ocrx_word' id='word_1_26' title='bbox 1190 653 1226 707; x_wconf 87' lang='lat' dir='ltr'>ad</span> <span class='ocrx_word' id='word_1_27' title='bbox 1249 668 1311 706; x_wconf 90' lang='lat' dir='ltr'>eos:</span> 
     </span>
     <span class='ocr_line' id='line_1_4' title="bbox 202 735 1310 811; baseline 0 -22"><span class='ocrx_word' id='word_1_28' title='bbox 202 735 289 790; x_wconf 85' lang='lat' dir='ltr'>“Hoc</span> <span class='ocrx_word' id='word_1_29' title='bbox 310 742 352 791; x_wconf 89' lang='lat' dir='ltr'>est</span> <span class='ocrx_word' id='word_1_30' title='bbox 371 736 443 792; x_wconf 88' lang='lat' dir='ltr'>enim</span> <span class='ocrx_word' id='word_1_31' title='bbox 463 754 558 809; x_wconf 87' lang='lat' dir='ltr'>corpus</span> <span class='ocrx_word' id='word_1_32' title='bbox 579 737 694 794; x_wconf 84' lang='lat' dir='ltr'>meum.‘&#39;</span> <span class='ocrx_word' id='word_1_33' title='bbox 733 737 817 793; x_wconf 89' lang='lat' dir='ltr'>Simili</span> <span class='ocrx_word' id='word_1_34' title='bbox 841 737 929 807; x_wconf 90' lang='lat' dir='ltr'>modo,</span> <span class='ocrx_word' id='word_1_35' title='bbox 955 744 1047 811; x_wconf 86' lang='lat' dir='ltr'>postea</span> <span class='ocrx_word' id='word_1_36' title='bbox 1067 755 1148 808; x_wconf 91' lang='lat' dir='ltr'>quam</span> <span class='ocrx_word' id='word_1_37' title='bbox 1167 742 1310 792; x_wconf 88' lang='lat' dir='ltr'>caenatum</span> 
     </span>
     <span class='ocr_line' id='line_1_5' title="bbox 201 820 1309 893; baseline 0.002 -19"><span class='ocrx_word' id='word_1_38' title='bbox 201 825 250 886; x_wconf 89' lang='lat' dir='ltr'>eat,</span> <span class='ocrx_word' id='word_1_39' title='bbox 272 821 406 893; x_wconf 85' lang='lat' dir='ltr'>accipiens</span> <span class='ocrx_word' id='word_1_40' title='bbox 427 820 538 877; x_wconf 82' lang='lat' dir='ltr'>calicem</span> <span class='ocrx_word' id='word_1_41' title='bbox 559 821 675 877; x_wconf 83' lang='lat' dir='ltr'>elevavit</span> <span class='ocrx_word' id='word_1_42' title='bbox 696 821 787 877; x_wconf 91' lang='lat' dir='ltr'>oculos</span> <span class='ocrx_word' id='word_1_43' title='bbox 807 821 843 877; x_wconf 88' lang='lat' dir='ltr'>ad</span> <span class='ocrx_word' id='word_1_44' title='bbox 863 821 960 891; x_wconf 88' lang='lat' dir='ltr'>caelos,</span> <span class='ocrx_word' id='word_1_45' title='bbox 982 823 1017 877; x_wconf 92' lang='lat' dir='ltr'>ad</span> <span class='ocrx_word' id='word_1_46' title='bbox 1039 830 1074 890; x_wconf 90' lang='lat' dir='ltr'>te,</span> <span class='ocrx_word' id='word_1_47' title='bbox 1096 822 1184 877; x_wconf 89' lang='lat' dir='ltr'>Deum</span> <span class='ocrx_word' id='word_1_48' title='bbox 1203 823 1309 877; x_wconf 89' lang='lat' dir='ltr'>Patrem</span> 
     </span>
     <span class='ocr_line' id='line_1_6' title="bbox 202 904 1311 977; baseline -0.001 -19"><span class='ocrx_word' id='word_1_49' title='bbox 202 921 280 960; x_wconf 90' lang='lat' dir='ltr'>snum</span> <span class='ocrx_word' id='word_1_50' title='bbox 298 905 517 976; x_wconf 84' lang='lat' dir='ltr'>omnipotentem,</span> <span class='ocrx_word' id='word_1_51' title='bbox 534 907 599 961; x_wconf 91' lang='lat' dir='ltr'>item</span> <span class='ocrx_word' id='word_1_52' title='bbox 615 905 663 961; x_wconf 91' lang='lat' dir='ltr'>tibi</span> <span class='ocrx_word' id='word_1_53' title='bbox 676 906 775 976; x_wconf 86' lang='lat' dir='ltr'>gratias</span> <span class='ocrx_word' id='word_1_54' title='bbox 788 923 879 976; x_wconf 75' lang='lat' dir='ltr'>agens,</span> <span class='ocrx_word' id='word_1_55' title='bbox 891 906 1035 971; x_wconf 79' lang='lat' dir='ltr'>benedixit,</span> <span class='ocrx_word' id='word_1_56' title='bbox 1049 905 1161 961; x_wconf 78' lang='lat' dir='ltr'>tradidit</span> <span class='ocrx_word' id='word_1_57' title='bbox 1172 904 1311 977; x_wconf 71' lang='lat' dir='ltr'>discipulis</span> 
     </span>
     <span class='ocr_line' id='line_1_7' title="bbox 202 986 1309 1060; baseline -0.002 -18"><span class='ocrx_word' id='word_1_58' title='bbox 202 987 265 1056; x_wconf 88' lang='lat' dir='ltr'>suis,</span> <span class='ocrx_word' id='word_1_59' title='bbox 284 987 374 1043; x_wconf 89' lang='lat' dir='ltr'>dicens</span> <span class='ocrx_word' id='word_1_60' title='bbox 392 989 427 1043; x_wconf 90' lang='lat' dir='ltr'>ad</span> <span class='ocrx_word' id='word_1_61' title='bbox 445 1005 506 1044; x_wconf 90' lang='lat' dir='ltr'>eos:</span> <span class='ocrx_word' id='word_1_62' title='bbox 527 988 676 1060; x_wconf 76' lang='lat' dir='ltr'>“Accipite</span> <span class='ocrx_word' id='word_1_63' title='bbox 688 995 716 1044; x_wconf 87' lang='lat' dir='ltr'>et</span> <span class='ocrx_word' id='word_1_64' title='bbox 728 988 811 1044; x_wconf 88' lang='lat' dir='ltr'>bibite</span> <span class='ocrx_word' id='word_1_65' title='bbox 823 1006 858 1044; x_wconf 87' lang='lat' dir='ltr'>ex</span> <span class='ocrx_word' id='word_1_66' title='bbox 870 1005 903 1044; x_wconf 93' lang='lat' dir='ltr'>eo</span> <span class='ocrx_word' id='word_1_67' title='bbox 915 1006 1022 1056; x_wconf 74' lang='lat' dir='ltr'>omnes,</span> <span class='ocrx_word' id='word_1_68' title='bbox 1043 989 1086 1044; x_wconf 89' lang='lat' dir='ltr'>hio</span> <span class='ocrx_word' id='word_1_69' title='bbox 1099 995 1142 1044; x_wconf 87' lang='lat' dir='ltr'>est</span> <span class='ocrx_word' id='word_1_70' title='bbox 1154 991 1225 1044; x_wconf 91' lang='lat' dir='ltr'>enim</span> <span class='ocrx_word' id='word_1_71' title='bbox 1238 986 1309 1042; x_wconf 83' lang='lat' dir='ltr'>calix</span> 
     </span>
     <span class='ocr_line' id='line_1_8' title="bbox 203 1069 1310 1145; baseline -0.002 -19"><span class='ocrx_word' id='word_1_72' title='bbox 203 1073 338 1143; x_wconf 66' lang='lat' dir='ltr'>unguinis</span> <span class='ocrx_word' id='word_1_73' title='bbox 355 1074 416 1144; x_wconf 90' lang='lat' dir='ltr'>mei,</span> <span class='ocrx_word' id='word_1_74' title='bbox 435 1074 498 1129; x_wconf 85' lang='lat' dir='ltr'>novi</span> <span class='ocrx_word' id='word_1_75' title='bbox 516 1080 544 1128; x_wconf 92' lang='lat' dir='ltr'>et</span> <span class='ocrx_word' id='word_1_76' title='bbox 561 1072 662 1128; x_wconf 89' lang='lat' dir='ltr'>aeterni</span> <span class='ocrx_word' id='word_1_77' title='bbox 680 1073 842 1140; x_wconf 80' lang='lat' dir='ltr'>testamenti,</span> <span class='ocrx_word' id='word_1_78' title='bbox 855 1072 1012 1143; x_wconf 82' lang='lat' dir='ltr'>mysterium</span> <span class='ocrx_word' id='word_1_79' title='bbox 1025 1072 1096 1138; x_wconf 82' lang='lat' dir='ltr'>fidei,</span> <span class='ocrx_word' id='word_1_80' title='bbox 1108 1077 1155 1145; x_wconf 89' lang='lat' dir='ltr'>qui</span> <span class='ocrx_word' id='word_1_81' title='bbox 1172 1088 1219 1143; x_wconf 93' lang='lat' dir='ltr'>pro</span> <span class='ocrx_word' id='word_1_82' title='bbox 1232 1069 1310 1125; x_wconf 81' lang='lat' dir='ltr'>vobis</span> 
     </span>
     <span class='ocr_line' id='line_1_9' title="bbox 202 1155 1311 1228; baseline -0.002 -18"><span class='ocrx_word' id='word_1_83' title='bbox 202 1163 232 1211; x_wconf 90' lang='lat' dir='ltr'>et</span> <span class='ocrx_word' id='word_1_84' title='bbox 248 1173 296 1228; x_wconf 87' lang='lat' dir='ltr'>pro</span> <span class='ocrx_word' id='word_1_85' title='bbox 315 1156 405 1212; x_wconf 87' lang='lat' dir='ltr'>multis</span> <span class='ocrx_word' id='word_1_86' title='bbox 424 1156 574 1212; x_wconf 86' lang='lat' dir='ltr'>effundetur</span> <span class='ocrx_word' id='word_1_87' title='bbox 589 1157 616 1211; x_wconf 90' lang='lat' dir='ltr'>in</span> <span class='ocrx_word' id='word_1_88' title='bbox 634 1157 815 1212; x_wconf 85' lang='lat' dir='ltr'>remissionem</span> <span class='ocrx_word' id='word_1_89' title='bbox 831 1155 1028 1227; x_wconf 84' lang='lat' dir='ltr'>peccatorum.”</span> <span class='ocrx_word' id='word_1_90' title='bbox 1064 1156 1196 1210; x_wconf 82' lang='lat' dir='ltr'>Mandane</span> <span class='ocrx_word' id='word_1_91' title='bbox 1207 1170 1311 1227; x_wconf 90' lang='lat' dir='ltr'>quoque</span> 
     </span>
     <span class='ocr_line' id='line_1_10' title="bbox 203 1238 1310 1311; baseline 0 -19"><span class='ocrx_word' id='word_1_92' title='bbox 203 1245 233 1293; x_wconf 90' lang='lat' dir='ltr'>et</span> <span class='ocrx_word' id='word_1_93' title='bbox 250 1238 342 1295; x_wconf 88' lang='lat' dir='ltr'>dicens</span> <span class='ocrx_word' id='word_1_94' title='bbox 359 1240 395 1295; x_wconf 92' lang='lat' dir='ltr'>ad</span> <span class='ocrx_word' id='word_1_95' title='bbox 413 1258 475 1297; x_wconf 89' lang='lat' dir='ltr'>eos:</span> <span class='ocrx_word' id='word_1_96' title='bbox 496 1241 598 1295; x_wconf 90' lang='lat' dir='ltr'>“Haec</span> <span class='ocrx_word' id='word_1_97' title='bbox 616 1243 854 1311; x_wconf 85' lang='lat' dir='ltr'>quotienscumque</span> <span class='ocrx_word' id='word_1_98' title='bbox 866 1240 990 1306; x_wconf 80' lang='lat' dir='ltr'>feceritis,</span> <span class='ocrx_word' id='word_1_99' title='bbox 1003 1240 1031 1293; x_wconf 92' lang='lat' dir='ltr'>in</span> <span class='ocrx_word' id='word_1_100' title='bbox 1048 1257 1136 1294; x_wconf 81' lang='lat' dir='ltr'>useam</span> <span class='ocrx_word' id='word_1_101' title='bbox 1149 1255 1310 1294; x_wconf 87' lang='lat' dir='ltr'>commemo·</span> 
     </span>
     <span class='ocr_line' id='line_1_11' title="bbox 203 1322 1312 1396; baseline 0 -20"><span class='ocrx_word' id='word_1_102' title='bbox 203 1322 334 1378; x_wconf 88' lang='lat' dir='ltr'>mtionem</span> <span class='ocrx_word' id='word_1_103' title='bbox 357 1323 467 1391; x_wconf 84' lang='lat' dir='ltr'>facietis,</span> <span class='ocrx_word' id='word_1_104' title='bbox 492 1331 606 1380; x_wconf 88' lang='lat' dir='ltr'>mortem</span> <span class='ocrx_word' id='word_1_105' title='bbox 636 1341 724 1379; x_wconf 91' lang='lat' dir='ltr'>meam</span> <span class='ocrx_word' id='word_1_106' title='bbox 754 1323 950 1396; x_wconf 86' lang='lat' dir='ltr'>praedicabitis,</span> <span class='ocrx_word' id='word_1_107' title='bbox 978 1323 1199 1379; x_wconf 85' lang='lat' dir='ltr'>resurrectionem</span> <span class='ocrx_word' id='word_1_108' title='bbox 1223 1339 1312 1377; x_wconf 89' lang='lat' dir='ltr'>meam</span> 
     </span>
     <span class='ocr_line' id='line_1_12' title="bbox 203 1404 1311 1479; baseline 0 -19"><span class='ocrx_word' id='word_1_109' title='bbox 203 1405 402 1477; x_wconf 75' lang='lat' dir='ltr'>adnuntiabitis,</span> <span class='ocrx_word' id='word_1_110' title='bbox 422 1407 568 1463; x_wconf 87' lang='lat' dir='ltr'>adventum</span> <span class='ocrx_word' id='word_1_111' title='bbox 585 1424 676 1463; x_wconf 90' lang='lat' dir='ltr'>meum</span> <span class='ocrx_word' id='word_1_112' title='bbox 693 1407 842 1479; x_wconf 86' lang='lat' dir='ltr'>sperabitis,</span> <span class='ocrx_word' id='word_1_113' title='bbox 855 1406 939 1463; x_wconf 90' lang='lat' dir='ltr'>donec</span> <span class='ocrx_word' id='word_1_114' title='bbox 952 1411 1047 1462; x_wconf 89' lang='lat' dir='ltr'>iterum</span> <span class='ocrx_word' id='word_1_115' title='bbox 1065 1406 1099 1462; x_wconf 89' lang='lat' dir='ltr'>de</span> <span class='ocrx_word' id='word_1_116' title='bbox 1111 1404 1193 1463; x_wconf 88' lang='lat' dir='ltr'>caelis</span> <span class='ocrx_word' id='word_1_117' title='bbox 1204 1406 1311 1462; x_wconf 85' lang='lat' dir='ltr'>veniam</span> 
     </span>
     <span class='ocr_line' id='line_1_13' title="bbox 202 1488 306 1546; baseline 0.029 -3"><span class='ocrx_word' id='word_1_118' title='bbox 202 1488 306 1546; x_wconf 84' lang='lat' dir='ltr'>advos</span> 
     </span>
    </p>
   </div>
   <div class='ocr_carea' id='block_1_3' title="bbox 269 1751 1232 1839">
    <p class='ocr_par' dir='ltr' id='par_1_3' title="bbox 269 1751 1232 1839">
     <span class='ocr_line' id='line_1_14' title="bbox 269 1751 1232 1839; baseline 0.002 -23"><span class='ocrx_word' id='word_1_119' title='bbox 269 1751 336 1817; x_wconf 81' lang='lat' dir='ltr'>The</span> <span class='ocrx_word' id='word_1_120' title='bbox 351 1751 518 1839; x_wconf 84' lang='lat' dir='ltr'>following</span> <span class='ocrx_word' id='word_1_121' title='bbox 532 1753 561 1818; x_wconf 90' lang='lat' dir='ltr'>is</span> <span class='ocrx_word' id='word_1_122' title='bbox 575 1753 633 1819; x_wconf 92' lang='lat' dir='ltr'>the</span> <span class='ocrx_word' id='word_1_123' title='bbox 647 1760 717 1820; x_wconf 84' lang='lat' dir='ltr'>text</span> <span class='ocrx_word' id='word_1_124' title='bbox 732 1755 768 1819; x_wconf 85' lang='lat' dir='ltr'>of</span> <span class='ocrx_word' id='word_1_125' title='bbox 780 1754 836 1819; x_wconf 89' lang='lat' dir='ltr'>the</span> <span class='ocrx_word' id='word_1_126' title='bbox 852 1753 1037 1819; x_wconf 83' lang='lat' dir='ltr'>Mossrabio</span> <span class='ocrx_word' id='word_1_127' title='bbox 1053 1752 1170 1817; x_wconf 85' lang='lat' dir='ltr'>Missal</span> <span class='ocrx_word' id='word_1_128' title='bbox 1180 1777 1232 1818; x_wconf 92' lang='lat'>:-</span> 
     </span>
    </p>
   </div>
   <div class='ocr_carea' id='block_1_4' title="bbox 204 1968 1317 3127">
    <p class='ocr_par' dir='ltr' id='par_1_4' title="bbox 204 1968 1314 2276">
     <span class='ocr_line' id='line_1_15' title="bbox 258 1968 1313 2042; baseline 0 -19"><span class='ocrx_word' id='word_1_129' title='bbox 258 1968 390 2042; x_wconf 84' lang='lat' dir='ltr'>[Adesto,¹</span> <span class='ocrx_word' id='word_1_130' title='bbox 410 1969 510 2039; x_wconf 87' lang='lat' dir='ltr'>adesto,</span> <span class='ocrx_word' id='word_1_131' title='bbox 529 1970 605 2038; x_wconf 76' lang='lat' dir='ltr'>dese,</span> <span class='ocrx_word' id='word_1_132' title='bbox 624 1969 694 2025; x_wconf 93' lang='lat' dir='ltr'>bone</span> <span class='ocrx_word' id='word_1_133' title='bbox 713 1969 841 2041; x_wconf 83' lang='lat' dir='ltr'>pontifex,</span> <span class='ocrx_word' id='word_1_134' title='bbox 860 1971 887 2025; x_wconf 88' lang='lat' dir='ltr'>in</span> <span class='ocrx_word' id='word_1_135' title='bbox 906 1968 994 2025; x_wconf 89' lang='lat' dir='ltr'>medio</span> <span class='ocrx_word' id='word_1_136' title='bbox 1006 1970 1099 2035; x_wconf 86' lang='lat' dir='ltr'>nostri,</span> <span class='ocrx_word' id='word_1_137' title='bbox 1112 1972 1182 2025; x_wconf 87' lang='lat' dir='ltr'>sicut</span> <span class='ocrx_word' id='word_1_138' title='bbox 1197 1968 1270 2024; x_wconf 84' lang='lat' dir='ltr'>luisti</span> <span class='ocrx_word' id='word_1_139' title='bbox 1286 1969 1313 2023; x_wconf 86' lang='lat' dir='ltr'>in</span> 
     </span>
     <span class='ocr_line' id='line_1_16' title="bbox 204 2051 1314 2126; baseline -0.002 -19"><span class='ocrx_word' id='word_1_140' title='bbox 204 2051 292 2108; x_wconf 91' lang='lat' dir='ltr'>medio</span> <span class='ocrx_word' id='word_1_141' title='bbox 314 2052 502 2126; x_wconf 87' lang='lat' dir='ltr'>discipulomm</span> <span class='ocrx_word' id='word_1_142' title='bbox 520 2062 642 2120; x_wconf 73' lang='lat' dir='ltr'>tuorum,</span> <span class='ocrx_word' id='word_1_143' title='bbox 665 2053 804 2109; x_wconf 83' lang='lat' dir='ltr'>sanctifica</span> <span class='ocrx_word' id='word_1_144' title='bbox 822 2054 893 2108; x_wconf 89' lang='lat' dir='ltr'>hano</span> <span class='ocrx_word' id='word_1_145' title='bbox 912 2051 1075 2107; x_wconf 89' lang='lat' dir='ltr'>oblationem</span> <span class='ocrx_word' id='word_1_146' title='bbox 1097 2059 1127 2106; x_wconf 89' lang='lat' dir='ltr'>ut</span> <span class='ocrx_word' id='word_1_147' title='bbox 1149 2051 1314 2107; x_wconf 83' lang='lat' dir='ltr'>sanctificata</span> 
     </span>
     <span class='ocr_line' id='line_1_17' title="bbox 204 2134 1314 2208; baseline -0.002 -16"><span class='ocrx_word' id='word_1_148' title='bbox 204 2153 340 2192; x_wconf 84' lang='lat' dir='ltr'>sumemus</span> <span class='ocrx_word' id='word_1_149' title='bbox 367 2152 416 2207; x_wconf 89' lang='lat' dir='ltr'>per</span> <span class='ocrx_word' id='word_1_150' title='bbox 439 2153 534 2192; x_wconf 90' lang='lat' dir='ltr'>manus</span> <span class='ocrx_word' id='word_1_151' title='bbox 558 2137 643 2192; x_wconf 91' lang='lat' dir='ltr'>sancti</span> <span class='ocrx_word' id='word_1_152' title='bbox 669 2137 756 2208; x_wconf 84' lang='lat' dir='ltr'>angeli</span> <span class='ocrx_word' id='word_1_153' title='bbox 781 2137 829 2206; x_wconf 86' lang='lat' dir='ltr'>tui,</span> <span class='ocrx_word' id='word_1_154' title='bbox 855 2142 948 2191; x_wconf 88' lang='lat' dir='ltr'>sancte</span> <span class='ocrx_word' id='word_1_155' title='bbox 972 2134 1080 2190; x_wconf 87' lang='lat' dir='ltr'>domine</span> <span class='ocrx_word' id='word_1_156' title='bbox 1104 2151 1136 2190; x_wconf 85' lang='lat' dir='ltr'>sc</span> <span class='ocrx_word' id='word_1_157' title='bbox 1161 2134 1314 2207; x_wconf 86' lang='lat' dir='ltr'>redemptor</span> 
     </span>
     <span class='ocr_line' id='line_1_18' title="bbox 204 2224 320 2276; baseline 0.009 -2"><span class='ocrx_word' id='word_1_158' title='bbox 204 2224 320 2276; x_wconf 88' lang='lat' dir='ltr'>aeterne.</span> 
     </span>
    </p>

    <p class='ocr_par' dir='ltr' id='par_1_5' title="bbox 205 2300 1317 3127">
     <span class='ocr_line' id='line_1_19' title="bbox 259 2300 1315 2375; baseline -0.002 -18"><span class='ocrx_word' id='word_1_159' title='bbox 259 2302 390 2359; x_wconf 89' lang='lat' dir='ltr'>Dominus</span> <span class='ocrx_word' id='word_1_160' title='bbox 414 2308 505 2359; x_wconf 87' lang='lat' dir='ltr'>noster</span> <span class='ocrx_word' id='word_1_161' title='bbox 527 2305 608 2358; x_wconf 79' lang='lat' dir='ltr'>deses</span> <span class='ocrx_word' id='word_1_162' title='bbox 631 2303 753 2359; x_wconf 83' lang='lat' dir='ltr'>Christus</span> <span class='ocrx_word' id='word_1_163' title='bbox 778 2305 804 2357; x_wconf 93' lang='lat' dir='ltr'>in</span> <span class='ocrx_word' id='word_1_164' title='bbox 829 2320 882 2375; x_wconf 91' lang='lat' dir='ltr'>que</span> <span class='ocrx_word' id='word_1_165' title='bbox 907 2308 986 2357; x_wconf 86' lang='lat' dir='ltr'>rroote</span> <span class='ocrx_word' id='word_1_166' title='bbox 1015 2300 1182 2372; x_wconf 82' lang='lat' dir='ltr'>tradebatur]</span> <span class='ocrx_word' id='word_1_167' title='bbox 1212 2301 1315 2373; x_wconf 89' lang='lat' dir='ltr'>aceepit</span> 
     </span>
     <span class='ocr_line' id='line_1_20' title="bbox 205 2382 1314 2458; baseline -0.003 -17"><span class='ocrx_word' id='word_1_168' title='bbox 205 2403 304 2457; x_wconf 88' lang='lat' dir='ltr'>panem</span> <span class='ocrx_word' id='word_1_169' title='bbox 329 2393 357 2441; x_wconf 91' lang='lat' dir='ltr'>et</span> <span class='ocrx_word' id='word_1_170' title='bbox 379 2387 478 2458; x_wconf 84' lang='lat' dir='ltr'>gratias</span> <span class='ocrx_word' id='word_1_171' title='bbox 501 2404 583 2458; x_wconf 87' lang='lat' dir='ltr'>agens</span> <span class='ocrx_word' id='word_1_172' title='bbox 606 2386 743 2442; x_wconf 81' lang='lat' dir='ltr'>benedixit</span> <span class='ocrx_word' id='word_1_173' title='bbox 767 2404 799 2441; x_wconf 91' lang='lat' dir='ltr'>ac</span> <span class='ocrx_word' id='word_1_174' title='bbox 823 2386 910 2457; x_wconf 76' lang='lat' dir='ltr'>tregit,</span> <span class='ocrx_word' id='word_1_175' title='bbox 936 2386 1063 2456; x_wconf 89' lang='lat' dir='ltr'>deditque</span> <span class='ocrx_word' id='word_1_176' title='bbox 1087 2382 1222 2456; x_wconf 90' lang='lat' dir='ltr'>discipulis</span> <span class='ocrx_word' id='word_1_177' title='bbox 1251 2385 1314 2456; x_wconf 86' lang='lat' dir='ltr'>suis,</span> 
     </span>
     <span class='ocr_line' id='line_1_21' title="bbox 206 2468 1315 2543; baseline 0 -20"><span class='ocrx_word' id='word_1_178' title='bbox 206 2468 313 2525; x_wconf 88' lang='lat' dir='ltr'>dicens:</span> <span class='ocrx_word' id='word_1_179' title='bbox 332 2471 480 2543; x_wconf 83' lang='lat' dir='ltr'>“Accipite</span> <span class='ocrx_word' id='word_1_180' title='bbox 498 2478 527 2526; x_wconf 91' lang='lat' dir='ltr'>et</span> <span class='ocrx_word' id='word_1_181' title='bbox 544 2470 720 2526; x_wconf 89' lang='lat' dir='ltr'>manducate:</span> <span class='ocrx_word' id='word_1_182' title='bbox 742 2469 794 2524; x_wconf 91' lang='lat' dir='ltr'>hoo</span> <span class='ocrx_word' id='word_1_183' title='bbox 813 2476 855 2524; x_wconf 91' lang='lat' dir='ltr'>est</span> <span class='ocrx_word' id='word_1_184' title='bbox 872 2486 969 2541; x_wconf 90' lang='lat' dir='ltr'>eorpus</span> <span class='ocrx_word' id='word_1_185' title='bbox 987 2486 1076 2524; x_wconf 92' lang='lat' dir='ltr'>meum</span> <span class='ocrx_word' id='word_1_186' title='bbox 1093 2468 1163 2540; x_wconf 88' lang='lat' dir='ltr'>quod</span> <span class='ocrx_word' id='word_1_187' title='bbox 1178 2486 1226 2541; x_wconf 89' lang='lat' dir='ltr'>pro</span> <span class='ocrx_word' id='word_1_188' title='bbox 1239 2468 1315 2524; x_wconf 86' lang='lat' dir='ltr'>vobis</span> 
     </span>
     <span class='ocr_line' id='line_1_22' title="bbox 205 2550 1314 2625; baseline 0 -19"><span class='ocrx_word' id='word_1_189' title='bbox 205 2550 333 2608; x_wconf 90' lang='lat' dir='ltr'>tradetur.</span> <span class='ocrx_word' id='word_1_190' title='bbox 379 2554 603 2625; x_wconf 82' lang='lat' dir='ltr'>Quotiescumque</span> <span class='ocrx_word' id='word_1_191' title='bbox 633 2551 865 2620; x_wconf 85' lang='lat' dir='ltr'>manducaveritis,</span> <span class='ocrx_word' id='word_1_192' title='bbox 891 2552 941 2608; x_wconf 88' lang='lat' dir='ltr'>hoo</span> <span class='ocrx_word' id='word_1_193' title='bbox 970 2552 1050 2607; x_wconf 81' lang='lat' dir='ltr'>facite</span> <span class='ocrx_word' id='word_1_194' title='bbox 1075 2552 1103 2606; x_wconf 90' lang='lat' dir='ltr'>in</span> <span class='ocrx_word' id='word_1_195' title='bbox 1127 2569 1215 2608; x_wconf 87' lang='lat' dir='ltr'>meam</span> <span class='ocrx_word' id='word_1_196' title='bbox 1241 2568 1314 2607; x_wconf 89' lang='lat' dir='ltr'>com·</span> 
     </span>
     <span class='ocr_line' id='line_1_23' title="bbox 206 2635 1314 2710; baseline 0.001 -20"><span class='ocrx_word' id='word_1_197' title='bbox 206 2636 532 2710; x_wconf 63' lang='lat' dir='ltr'>memorationem.&#39;&#39;-lv.</span> <span class='ocrx_word' id='word_1_198' title='bbox 552 2636 817 2693; x_wconf 81' lang='lat' dir='ltr'>Amen-Similiter</span> <span class='ocrx_word' id='word_1_199' title='bbox 836 2641 864 2691; x_wconf 91' lang='lat' dir='ltr'>et</span> <span class='ocrx_word' id='word_1_200' title='bbox 885 2635 994 2693; x_wconf 87' lang='lat' dir='ltr'>calicem</span> <span class='ocrx_word' id='word_1_201' title='bbox 1018 2643 1158 2708; x_wconf 88' lang='lat' dir='ltr'>postquam</span> <span class='ocrx_word' id='word_1_202' title='bbox 1181 2640 1314 2706; x_wconf 84' lang='lat' dir='ltr'>caenavit,</span> 
     </span>
     <span class='ocr_line' id='line_1_24' title="bbox 205 2720 1316 2794; baseline 0 -17"><span class='ocrx_word' id='word_1_203' title='bbox 205 2720 313 2779; x_wconf 86' lang='lat' dir='ltr'>dicens:</span> <span class='ocrx_word' id='word_1_204' title='bbox 332 2724 410 2778; x_wconf 90' lang='lat' dir='ltr'>“Hic</span> <span class='ocrx_word' id='word_1_205' title='bbox 428 2731 470 2779; x_wconf 89' lang='lat' dir='ltr'>est</span> <span class='ocrx_word' id='word_1_206' title='bbox 487 2723 558 2779; x_wconf 88' lang='lat' dir='ltr'>calix</span> <span class='ocrx_word' id='word_1_207' title='bbox 577 2723 640 2779; x_wconf 83' lang='lat' dir='ltr'>novi</span> <span class='ocrx_word' id='word_1_208' title='bbox 659 2723 811 2779; x_wconf 88' lang='lat' dir='ltr'>testamenti</span> <span class='ocrx_word' id='word_1_209' title='bbox 830 2723 857 2776; x_wconf 91' lang='lat' dir='ltr'>in</span> <span class='ocrx_word' id='word_1_210' title='bbox 876 2739 937 2778; x_wconf 88' lang='lat' dir='ltr'>meo</span> <span class='ocrx_word' id='word_1_211' title='bbox 956 2722 1092 2792; x_wconf 87' lang='lat' dir='ltr'>sanguine,</span> <span class='ocrx_word' id='word_1_212' title='bbox 1110 2723 1157 2793; x_wconf 91' lang='lat' dir='ltr'>qui</span> <span class='ocrx_word' id='word_1_213' title='bbox 1175 2740 1222 2794; x_wconf 91' lang='lat' dir='ltr'>pro</span> <span class='ocrx_word' id='word_1_214' title='bbox 1238 2721 1316 2777; x_wconf 82' lang='lat' dir='ltr'>vobis</span> 
     </span>
     <span class='ocr_line' id='line_1_25' title="bbox 205 2805 1316 2878; baseline -0.001 -18"><span class='ocrx_word' id='word_1_215' title='bbox 205 2812 234 2861; x_wconf 88' lang='lat' dir='ltr'>et</span> <span class='ocrx_word' id='word_1_216' title='bbox 256 2822 305 2878; x_wconf 91' lang='lat' dir='ltr'>pro</span> <span class='ocrx_word' id='word_1_217' title='bbox 330 2806 421 2862; x_wconf 89' lang='lat' dir='ltr'>multis</span> <span class='ocrx_word' id='word_1_218' title='bbox 445 2805 596 2863; x_wconf 86' lang='lat' dir='ltr'>effimdetur</span> <span class='ocrx_word' id='word_1_219' title='bbox 619 2807 647 2860; x_wconf 92' lang='lat' dir='ltr'>in</span> <span class='ocrx_word' id='word_1_220' title='bbox 671 2805 855 2861; x_wconf 90' lang='lat' dir='ltr'>remissionem</span> <span class='ocrx_word' id='word_1_221' title='bbox 879 2810 1057 2877; x_wconf 86' lang='lat' dir='ltr'>peecatorum.</span> <span class='ocrx_word' id='word_1_222' title='bbox 1094 2805 1316 2876; x_wconf 82' lang='lat' dir='ltr'>Quotiescumque</span> 
     </span>
     <span class='ocr_line' id='line_1_26' title="bbox 205 2888 1317 2958; baseline -0.001 -15"><span class='ocrx_word' id='word_1_223' title='bbox 205 2888 332 2958; x_wconf 90' lang='lat' dir='ltr'>biberitis,</span> <span class='ocrx_word' id='word_1_224' title='bbox 344 2889 397 2945; x_wconf 92' lang='lat' dir='ltr'>hoc</span> <span class='ocrx_word' id='word_1_225' title='bbox 415 2890 494 2946; x_wconf 79' lang='lat' dir='ltr'>tacite</span> <span class='ocrx_word' id='word_1_226' title='bbox 513 2891 539 2945; x_wconf 93' lang='lat' dir='ltr'>in</span> <span class='ocrx_word' id='word_1_227' title='bbox 553 2907 639 2945; x_wconf 88' lang='lat' dir='ltr'>meam</span> <span class='ocrx_word' id='word_1_228' title='bbox 658 2889 1047 2954; x_wconf 65' lang='lat' dir='ltr'>commemorationem.‘’—lv.</span> <span class='ocrx_word' id='word_1_229' title='bbox 1075 2888 1317 2952; x_wconf 82' lang='lat' dir='ltr'>Amen-Quotie-</span> 
     </span>
     <span class='ocr_line' id='line_1_27' title="bbox 205 2970 1316 3045; baseline -0.002 -18"><span class='ocrx_word' id='word_1_230' title='bbox 205 2987 332 3043; x_wconf 88' lang='lat' dir='ltr'>scumque</span> <span class='ocrx_word' id='word_1_231' title='bbox 350 2972 575 3029; x_wconf 84' lang='lat' dir='ltr'>manducaveritis</span> <span class='ocrx_word' id='word_1_232' title='bbox 592 2990 689 3045; x_wconf 87' lang='lat' dir='ltr'>penem</span> <span class='ocrx_word' id='word_1_233' title='bbox 706 2973 778 3028; x_wconf 90' lang='lat' dir='ltr'>huno</span> <span class='ocrx_word' id='word_1_234' title='bbox 798 2979 827 3027; x_wconf 92' lang='lat' dir='ltr'>et</span> <span class='ocrx_word' id='word_1_235' title='bbox 841 2970 952 3027; x_wconf 87' lang='lat' dir='ltr'>calicem</span> <span class='ocrx_word' id='word_1_236' title='bbox 964 2972 1046 3026; x_wconf 89' lang='lat' dir='ltr'>istum</span> <span class='ocrx_word' id='word_1_237' title='bbox 1058 2970 1188 3040; x_wconf 90' lang='lat' dir='ltr'>biberitis,</span> <span class='ocrx_word' id='word_1_238' title='bbox 1202 2976 1316 3026; x_wconf 88' lang='lat' dir='ltr'>mortem</span> 
     </span>
     <span class='ocr_line' id='line_1_28' title="bbox 206 3054 1263 3127; baseline 0.001 -18"><span class='ocrx_word' id='word_1_239' title='bbox 206 3054 314 3110; x_wconf 88' lang='lat' dir='ltr'>Domini</span> <span class='ocrx_word' id='word_1_240' title='bbox 325 3057 524 3127; x_wconf 84' lang='lat' dir='ltr'>annuntiabitis,</span> <span class='ocrx_word' id='word_1_241' title='bbox 537 3057 622 3114; x_wconf 90' lang='lat' dir='ltr'>donec</span> <span class='ocrx_word' id='word_1_242' title='bbox 634 3057 726 3113; x_wconf 87' lang='lat' dir='ltr'>veniet</span> <span class='ocrx_word' id='word_1_243' title='bbox 737 3057 764 3111; x_wconf 92' lang='lat' dir='ltr'>iu</span> <span class='ocrx_word' id='word_1_244' title='bbox 779 3055 928 3112; x_wconf 85' lang='lat' dir='ltr'>claritatem</span> <span class='ocrx_word' id='word_1_245' title='bbox 940 3056 973 3112; x_wconf 91' lang='lat' dir='ltr'>de</span> <span class='ocrx_word' id='word_1_246' title='bbox 986 3055 1152 3120; x_wconf 75' lang='lat' dir='ltr'>cacha—lu.</span> <span class='ocrx_word' id='word_1_247' title='bbox 1167 3058 1263 3111; x_wconf 85' lang='lat' dir='ltr'>Amen.</span> 
     </span>
    </p>
   </div>
   <div class='ocr_carea' id='block_1_5' title="bbox 207 3300 1318 3597">
    <p class='ocr_par' dir='ltr' id='par_1_6' title="bbox 207 3300 1318 3597">
     <span class='ocr_line' id='line_1_29' title="bbox 272 3300 1315 3368; baseline 0 -1"><span class='ocrx_word' id='word_1_248' title='bbox 272 3302 341 3368; x_wconf 85' lang='lat' dir='ltr'>The</span> <span class='ocrx_word' id='word_1_249' title='bbox 376 3302 441 3368; x_wconf 85' lang='lat' dir='ltr'>lest</span> <span class='ocrx_word' id='word_1_250' title='bbox 478 3310 630 3368; x_wconf 88' lang='lat' dir='ltr'>sentence</span> <span class='ocrx_word' id='word_1_251' title='bbox 665 3303 701 3366; x_wconf 91' lang='lat' dir='ltr'>in</span> <span class='ocrx_word' id='word_1_252' title='bbox 738 3300 816 3366; x_wconf 89' lang='lat' dir='ltr'>each</span> <span class='ocrx_word' id='word_1_253' title='bbox 854 3302 890 3364; x_wconf 88' lang='lat' dir='ltr'>of</span> <span class='ocrx_word' id='word_1_254' title='bbox 923 3301 1014 3367; x_wconf 88' lang='lat' dir='ltr'>those</span> <span class='ocrx_word' id='word_1_255' title='bbox 1051 3301 1255 3367; x_wconf 86' lang='lat' dir='ltr'>formulariss</span> <span class='ocrx_word' id='word_1_256' title='bbox 1288 3303 1315 3366; x_wconf 87' lang='lat' dir='ltr'>is</span> 
     </span>
     <span class='ocr_line' id='line_1_30' title="bbox 207 3404 1317 3492; baseline -0.003 -19"><span class='ocrx_word' id='word_1_257' title='bbox 207 3406 378 3492; x_wconf 87' lang='lat' dir='ltr'>suggested</span> <span class='ocrx_word' id='word_1_258' title='bbox 402 3406 447 3490; x_wconf 82' lang='lat' dir='ltr'>by</span> <span class='ocrx_word' id='word_1_259' title='bbox 467 3428 486 3471; x_wconf 90' lang='lat' dir='ltr'>a</span> <span class='ocrx_word' id='word_1_260' title='bbox 505 3427 639 3492; x_wconf 83' lang='lat' dir='ltr'>passage</span> <span class='ocrx_word' id='word_1_261' title='bbox 662 3406 746 3471; x_wconf 86' lang='lat' dir='ltr'>from</span> <span class='ocrx_word' id='word_1_262' title='bbox 770 3406 818 3471; x_wconf 88' lang='lat' dir='ltr'>St.</span> <span class='ocrx_word' id='word_1_263' title='bbox 840 3404 922 3469; x_wconf 90' lang='lat' dir='ltr'>Paul</span> <span class='ocrx_word' id='word_1_264' title='bbox 946 3406 980 3489; x_wconf 91' lang='lat'>(1</span> <span class='ocrx_word' id='word_1_265' title='bbox 1008 3406 1078 3472; x_wconf 83' lang='lat' dir='ltr'>Cor.</span> <span class='ocrx_word' id='word_1_266' title='bbox 1104 3406 1149 3473; x_wconf 77' lang='lat' dir='ltr'>xi</span> <span class='ocrx_word' id='word_1_267' title='bbox 1175 3408 1241 3489; x_wconf 86' lang='lat'>26).</span> <span class='ocrx_word' id='word_1_268' title='bbox 1285 3408 1317 3470; x_wconf 86' lang='lat' dir='ltr'>A</span> 
     </span>
     <span class='ocr_line' id='line_1_31' title="bbox 207 3509 1318 3597; baseline -0.003 -20"><span class='ocrx_word' id='word_1_269' title='bbox 207 3512 331 3577; x_wconf 90' lang='lat' dir='ltr'>similar</span> <span class='ocrx_word' id='word_1_270' title='bbox 353 3510 506 3596; x_wconf 88' lang='lat' dir='ltr'>adoption</span> <span class='ocrx_word' id='word_1_271' title='bbox 528 3531 663 3597; x_wconf 89' lang='lat' dir='ltr'>appears</span> <span class='ocrx_word' id='word_1_272' title='bbox 685 3511 721 3574; x_wconf 91' lang='lat' dir='ltr'>iu</span> <span class='ocrx_word' id='word_1_273' title='bbox 744 3510 800 3574; x_wconf 91' lang='lat' dir='ltr'>the</span> <span class='ocrx_word' id='word_1_274' title='bbox 823 3510 961 3595; x_wconf 85' lang='lat' dir='ltr'>Liturgy</span> <span class='ocrx_word' id='word_1_275' title='bbox 982 3510 1017 3574; x_wconf 86' lang='lat' dir='ltr'>of</span> <span class='ocrx_word' id='word_1_276' title='bbox 1037 3509 1093 3574; x_wconf 91' lang='lat' dir='ltr'>the</span> <span class='ocrx_word' id='word_1_277' title='bbox 1115 3509 1318 3594; x_wconf 83' lang='lat' dir='ltr'>Apostolieal</span> 
     </span>
    </p>
   </div>
   <div class='ocr_carea' id='block_1_6' title="bbox 209 3733 1321 4194">
    <p class='ocr_par' dir='ltr' id='par_1_7' title="bbox 209 3733 1321 4194">
     <span class='ocr_line' id='line_1_32' title="bbox 259 3733 1321 3805; baseline -0.001 -15"><span class='ocrx_word' id='word_1_278' title='bbox 259 3744 267 3772; x_wconf 89' lang='lat'>¹</span> <span class='ocrx_word' id='word_1_279' title='bbox 285 3741 343 3790; x_wconf 87' lang='lat' dir='ltr'>The</span> <span class='ocrx_word' id='word_1_280' title='bbox 354 3754 446 3805; x_wconf 80' lang='lat' dir='ltr'>prayer</span> <span class='ocrx_word' id='word_1_281' title='bbox 456 3740 547 3791; x_wconf 78' lang='lat' dir='ltr'>Adesto</span> <span class='ocrx_word' id='word_1_282' title='bbox 559 3743 652 3789; x_wconf 74' lang='lat' dir='ltr'>munet</span> <span class='ocrx_word' id='word_1_283' title='bbox 664 3739 695 3789; x_wconf 88' lang='lat' dir='ltr'>be</span> <span class='ocrx_word' id='word_1_284' title='bbox 711 3735 903 3803; x_wconf 70' lang='lat' dir='ltr'>primitivam</span> <span class='ocrx_word' id='word_1_285' title='bbox 917 3735 945 3784; x_wconf 92' lang='lat' dir='ltr'>in</span> <span class='ocrx_word' id='word_1_286' title='bbox 960 3733 1006 3786; x_wconf 89' lang='lat' dir='ltr'>tho</span> <span class='ocrx_word' id='word_1_287' title='bbox 1024 3734 1204 3801; x_wconf 73' lang='lat' dir='ltr'>Merouingian</span> <span class='ocrx_word' id='word_1_288' title='bbox 1216 3738 1321 3789; x_wconf 83' lang='lat' dir='ltr'>Misssls</span> 
     </span>
     <span class='ocr_line' id='line_1_33' title="bbox 209 3812 1321 3882; baseline -0.004 -11"><span class='ocrx_word' id='word_1_289' title='bbox 209 3822 238 3871; x_wconf 86' lang='lat' dir='ltr'>ol</span> <span class='ocrx_word' id='word_1_290' title='bbox 257 3820 304 3871; x_wconf 89' lang='lat' dir='ltr'>the</span> <span class='ocrx_word' id='word_1_291' title='bbox 325 3819 434 3871; x_wconf 83' lang='lat' dir='ltr'>serenth</span> <span class='ocrx_word' id='word_1_292' title='bbox 456 3817 510 3869; x_wconf 88' lang='lat' dir='ltr'>end</span> <span class='ocrx_word' id='word_1_293' title='bbox 531 3816 625 3882; x_wconf 83' lang='lat' dir='ltr'>eighth</span> <span class='ocrx_word' id='word_1_294' title='bbox 648 3815 779 3867; x_wconf 81' lang='lat' dir='ltr'>centesies</span> <span class='ocrx_word' id='word_1_295' title='bbox 800 3813 847 3864; x_wconf 90' lang='lat' dir='ltr'>the</span> <span class='ocrx_word' id='word_1_296' title='bbox 871 3813 930 3865; x_wconf 82' lang='lat' dir='ltr'>Vere</span> <span class='ocrx_word' id='word_1_297' title='bbox 952 3812 1059 3865; x_wconf 72' lang='lat' dir='ltr'>sancire</span> <span class='ocrx_word' id='word_1_298' title='bbox 1081 3813 1179 3879; x_wconf 81' lang='lat' dir='ltr'>always</span> <span class='ocrx_word' id='word_1_299' title='bbox 1200 3815 1321 3880; x_wconf 81' lang='lat' dir='ltr'>precedes</span> 
     </span>
     <span class='ocr_line' id='line_1_34' title="bbox 210 3890 1321 3962; baseline -0.002 -13"><span class='ocrx_word' id='word_1_300' title='bbox 210 3897 387 3962; x_wconf 81' lang='lat' dir='ltr'>immediately</span> <span class='ocrx_word' id='word_1_301' title='bbox 404 3896 450 3946; x_wconf 92' lang='lat' dir='ltr'>the</span> <span class='ocrx_word' id='word_1_302' title='bbox 468 3895 520 3958; x_wconf 74' lang='lat' dir='ltr'>ees</span> <span class='ocrx_word' id='word_1_303' title='bbox 533 3897 628 3962; x_wconf 78' lang='lat' dir='ltr'>pss&#39;dr&#39;a.</span> <span class='ocrx_word' id='word_1_304' title='bbox 661 3894 719 3943; x_wconf 87' lang='lat' dir='ltr'>Tha</span> <span class='ocrx_word' id='word_1_305' title='bbox 735 3890 820 3942; x_wconf 77' lang='lat' dir='ltr'>words</span> <span class='ocrx_word' id='word_1_306' title='bbox 835 3891 960 3943; x_wconf 74' lang='lat' dir='ltr'>Drmiam</span> <span class='ocrx_word' id='word_1_307' title='bbox 975 3897 1064 3952; x_wconf 68' lang='lat' dir='ltr'>eorm,</span> <span class='ocrx_word' id='word_1_308' title='bbox 1075 3897 1134 3949; x_wconf 82' lang='lat' dir='ltr'>ete..</span> <span class='ocrx_word' id='word_1_309' title='bbox 1151 3896 1215 3945; x_wconf 83' lang='lat' dir='ltr'>lornr</span> <span class='ocrx_word' id='word_1_310' title='bbox 1231 3911 1248 3945; x_wconf 88' lang='lat' dir='ltr'>a</span> <span class='ocrx_word' id='word_1_311' title='bbox 1263 3912 1321 3947; x_wconf 90' lang='lat' dir='ltr'>eon·</span> 
     </span>
     <span class='ocr_line' id='line_1_35' title="bbox 210 3969 1321 4040; baseline -0.005 -12"><span class='ocrx_word' id='word_1_312' title='bbox 210 3978 317 4040; x_wconf 84' lang='lat' dir='ltr'>neoting</span> <span class='ocrx_word' id='word_1_313' title='bbox 338 3975 404 4026; x_wconf 85' lang='lat' dir='ltr'>link.</span> <span class='ocrx_word' id='word_1_314' title='bbox 449 3975 462 4024; x_wconf 92' lang='lat'>1</span> <span class='ocrx_word' id='word_1_315' title='bbox 485 3975 552 4026; x_wconf 87' lang='lat' dir='ltr'>have</span> <span class='ocrx_word' id='word_1_316' title='bbox 578 3977 627 4038; x_wconf 91' lang='lat' dir='ltr'>put</span> <span class='ocrx_word' id='word_1_317' title='bbox 650 3972 732 4033; x_wconf 88' lang='lat' dir='ltr'>them,</span> <span class='ocrx_word' id='word_1_318' title='bbox 755 3969 875 4034; x_wconf 82' lang='lat' dir='ltr'>together</span> <span class='ocrx_word' id='word_1_319' title='bbox 897 3970 961 4020; x_wconf 78' lang='lat' dir='ltr'>with</span> <span class='ocrx_word' id='word_1_320' title='bbox 987 3969 1033 4019; x_wconf 88' lang='lat' dir='ltr'>the</span> <span class='ocrx_word' id='word_1_321' title='bbox 1058 3971 1147 4021; x_wconf 79' lang='lat' dir='ltr'>Aderto</span> <span class='ocrx_word' id='word_1_322' title='bbox 1173 3986 1272 4036; x_wconf 73' lang='lat' dir='ltr'>prayer,</span> <span class='ocrx_word' id='word_1_323' title='bbox 1295 3976 1321 4023; x_wconf 89' lang='lat' dir='ltr'>in</span> 
     </span>
     <span class='ocr_line' id='line_1_36' title="bbox 210 4049 1321 4118; baseline -0.005 -12"><span class='ocrx_word' id='word_1_324' title='bbox 210 4054 329 4106; x_wconf 83' lang='lat' dir='ltr'>brackets</span> <span class='ocrx_word' id='word_1_325' title='bbox 341 4069 376 4118; x_wconf 95' lang='lat' dir='ltr'>up</span> <span class='ocrx_word' id='word_1_326' title='bbox 387 4058 414 4103; x_wconf 92' lang='lat' dir='ltr'>to</span> <span class='ocrx_word' id='word_1_327' title='bbox 425 4053 471 4103; x_wconf 88' lang='lat' dir='ltr'>tho</span> <span class='ocrx_word' id='word_1_328' title='bbox 482 4055 554 4118; x_wconf 89' lang='lat' dir='ltr'>point</span> <span class='ocrx_word' id='word_1_329' title='bbox 568 4054 596 4102; x_wconf 89' lang='lat' dir='ltr'>iu</span> <span class='ocrx_word' id='word_1_330' title='bbox 608 4050 693 4101; x_wconf 86' lang='lat' dir='ltr'>which</span> <span class='ocrx_word' id='word_1_331' title='bbox 706 4049 751 4099; x_wconf 86' lang='lat' dir='ltr'>the</span> <span class='ocrx_word' id='word_1_332' title='bbox 762 4053 820 4100; x_wconf 85' lang='lat' dir='ltr'>text</span> <span class='ocrx_word' id='word_1_333' title='bbox 831 4049 946 4098; x_wconf 79' lang='lat' dir='ltr'>boeonms</span> <span class='ocrx_word' id='word_1_334' title='bbox 961 4049 1169 4113; x_wconf 85' lang='lat' dir='ltr'>grammatically</span> <span class='ocrx_word' id='word_1_335' title='bbox 1181 4052 1321 4101; x_wconf 70' lang='lat' dir='ltr'>connected</span> 
     </span>
     <span class='ocr_line' id='line_1_37' title="bbox 212 4126 754 4194; baseline -0.007 -10"><span class='ocrx_word' id='word_1_336' title='bbox 212 4133 275 4184; x_wconf 81' lang='lat' dir='ltr'>with</span> <span class='ocrx_word' id='word_1_337' title='bbox 286 4131 332 4186; x_wconf 90' lang='lat' dir='ltr'>the</span> <span class='ocrx_word' id='word_1_338' title='bbox 343 4131 400 4183; x_wconf 84' lang='lat' dir='ltr'>tlmt</span> <span class='ocrx_word' id='word_1_339' title='bbox 412 4128 493 4181; x_wconf 83' lang='lat' dir='ltr'>words</span> <span class='ocrx_word' id='word_1_340' title='bbox 503 4130 532 4180; x_wconf 84' lang='lat' dir='ltr'>of</span> <span class='ocrx_word' id='word_1_341' title='bbox 541 4127 587 4182; x_wconf 87' lang='lat' dir='ltr'>the</span> <span class='ocrx_word' id='word_1_342' title='bbox 600 4126 652 4191; x_wconf 77' lang='lat' dir='ltr'>Qus·</span> <span class='ocrx_word' id='word_1_343' title='bbox 659 4127 754 4194; x_wconf 78' lang='lat' dir='ltr'>pridie.</span> 
     </span>
    </p>
   </div>
   <div class='ocr_carea' id='block_1_7' title="bbox 0 0 1423 4816">
    <p class='ocr_par' dir='ltr' id='par_1_8' title="bbox 0 0 1423 4816">
     <span class='ocr_line' id='line_1_38' title="bbox 0 0 1423 4816; baseline 0 0"><span class='ocrx_word' id='word_1_344' title='bbox 0 0 1423 4816; x_wconf 95' lang='lat' dir='ltr'> </span> 
     </span>
    </p>
   </div>
  </div>
 </body>
</html>
