2814 4816
617 396 792 445 APPENDIX·

447 672 473 729 5.
502 667 682 746 wenesday
702 668 733 726 irs
754 666 832 745 Holy
857 664 952 729 Week.

208 838 287 897 Item
301 845 412 916 quarta
425 838 502 897 ieris
522 843 657 915 aguntur
676 839 778 897 omnis
797 855 851 914 per
870 842 940 897 tote
959 836 1010 895 die
1023 856 1042 893 a
1055 834 1140 912 pullo
1159 834 1257 911 primo

144 931 225 989 siout
245 929 377 989 secunda
397 930 476 989 ferie
489 937 521 989 et
540 932 634 989 tertie
653 931 731 989 ieris
740 950 749 1003 ;
769 929 823 989 sed
843 935 1040 1007 posteaquam
1061 927 1153 986 missu
1172 927 1258 984 fecte

144 1023 239 1082 fuerit
267 1030 356 1083 noete
376 1023 416 1081 ed
437 1023 625 1100 Martyrium
645 1031 679 1082 et
702 1023 852 1082 deduntue
878 1022 976 1082 fuerit
1003 1021 1159 1099 episeopus
1187 1040 1256 1079 oum

144 1118 245 1194 ymnis
258 1117 298 1176 ed
312 1119 473 1190 Anaetese
487 1119 594 1176 stetim
614 1118 715 1176 intret
734 1117 891 1194 episeopus
910 1118 944 1174 in
957 1115 1102 1193 spelunca
1115 1134 1194 1193 quse
1207 1120 1256 1172 est

144 1211 178 1268 in
192 1212 353 1283 Anastsse
368 1218 401 1270 et
415 1217 479 1270 stet
499 1212 584 1270 intre
604 1212 773 1271 csnoellos:
799 1211 949 1288 presbiter
971 1215 1073 1269 eutem
1097 1215 1170 1269 snte
1192 1228 1262 1267 osu·

144 1303 253 1361 cellum
267 1309 340 1374 stet,
355 1309 388 1362 et
402 1304 511 1380 accipit
525 1302 726 1381 evangelium,
740 1308 773 1361 et
786 1302 862 1380 legit
875 1302 961 1362 illum
976 1302 1075 1361 locum
1089 1301 1144 1360 ubi
1155 1299 1178 1359 J
1179 1299 1257 1358 ndns

145 1395 318 1456 Scariothes
338 1397 418 1456 hivit
438 1397 478 1456 ed
497 1397 623 1470 Judsos,
640 1397 780 1457 definivit
800 1396 873 1474 quid
887 1397 915 1456 ei
929 1397 1040 1456 dorent
1060 1402 1097 1456 ut
1117 1393 1257 1454 traderet

146 1488 321 1549 Dominum.
371 1489 432 1559 Qui
455 1489 539 1548 loous
563 1496 597 1547 at
619 1489 673 1548 ubi
697 1488 794 1548 leotus
817 1488 921 1561 inerit,
945 1493 1054 1548 tentus
1078 1487 1201 1564 rugitus
1224 1492 1257 1546 et

145 1584 281 1660 mugitus
294 1589 342 1643 est
360 1585 456 1643 totius
476 1584 590 1662 populi,
603 1589 641 1644 ut
654 1585 758 1644 nullus
771 1584 814 1642 sit
827 1586 880 1662 qui
893 1585 1009 1644 moveri
1029 1603 1093 1643 non
1113 1582 1209 1660 possit
1223 1581 1256 1639 in

146 1676 286 1736 leorimie
331 1678 371 1737 Iu
384 1697 420 1736 es
438 1677 514 1736 hors
533 1677 726 1754 postmodum
739 1677 776 1736 fit
788 1678 896 1751 oratio,
911 1678 1136 1738 benedicuntur
1156 1674 1261 1736 oethe-

147 1771 269 1843 cumini,
284 1771 473 1850 postmodum
488 1772 601 1844 fideles,
617 1778 650 1832 et
663 1773 700 1831 fit
713 1773 813 1836 misse.
835 1827 839 1836 .

328 2119 355 2178 6.
379 2118 510 2197 Moundy
534 2117 783 2198 ’Πιαηάαμ-(α)
804 2118 934 2196 Etesiae
957 2116 1079 2178 Moesos.

209 2284 291 2344 Item
312 2286 421 2364 quinte
442 2285 521 2346 ferie
542 2291 678 2364 agimtur
698 2305 734 2344 es
755 2285 794 2344 de
812 2285 896 2363 pullo
917 2286 1015 2363 primo
1035 2303 1114 2362 quse
1134 2302 1257 2343 ooneuo

147 2377 264 2438 tudinis
284 2387 332 2440 est
351 2398 447 2459 usque
466 2378 506 2438 ed
528 2398 618 2438 mnne
636 2378 676 2437 ed
689 2379 853 2451 Annstsee,
875 2379 1017 2437 similiter
1036 2384 1070 2436 et
1091 2375 1131 2436 sd
1153 2377 1256 2449 tertis,

146 2478 180 2531 et
206 2471 247 2531 ed
274 2479 369 2534 sexte„
427 2473 546 2533 Octavo
575 2479 679 2533 autem
711 2471 787 2532 horn
816 2473 910 2550 juxte
940 2470 1189 2532 consuetudinem
1217 2470 1257 2529 ed

148 2566 335 2645 Martyrium
349 2568 471 2645 oolliget
484 2587 517 2626 se
526 2566 623 2626 omnis
636 2566 783 2645 populus:
800 2572 961 2644 propterea
974 2572 1078 2625 autem
1091 2565 1256 2643 temporius

147 2680 241 2739 qnam
255 2662 364 2722 ceteris
378 2662 495 2735 diebus,
510 2663 581 2740 quie
600 2661 691 2721 eitius
710 2661 802 2720 missu
822 2661 888 2720 fieri
907 2679 1028 2720 neeesse
1048 2665 1105 2719 est.
1146 2658 1257 2736 Itoqne

146 2775 220 2834 ergo
232 2756 358 2816 oolleoto
372 2756 454 2816 omui
467 2755 578 2834 populo
592 2761 726 2833 aguntur
740 2774 817 2833 quse
831 2754 950 2832 egendo
963 2760 1036 2814 sunt
1047 2774 1056 2828 3
1076 2753 1113 2812 fit
1127 2752 1194 2831 ipen
1207 2752 1256 2811 die

146 2850 262 2912 oblatio
283 2849 323 2910 ed
347 2851 543 2929 Martyrium,
567 2856 599 2909 et
623 2850 739 2909 iacitur
763 2850 854 2908 misse
879 2849 954 2908 hors
977 2848 1107 2907 forsitan
1129 2847 1255 2906 decima.

147 2943 275 3019 Ibidem,
290 2951 383 3004 entes
403 2952 506 3005 sutem
527 2964 617 3023 quam
637 2944 693 3002 fiet
712 2944 810 3017 missu
827 2944 932 3003 mittet
953 2963 1055 3003 vocem
1075 2941 1258 3000 archidisoo·

146 3057 212 3112 nne,
228 3044 261 3098 et
274 3038 373 3099 dicet:
396 3043 413 3073 “
423 3038 511 3098 Hora
524 3040 622 3118 prima
640 3040 738 3098 noctis
757 3058 860 3098 omues
873 3039 907 3097 in
920 3038 1045 3098 ecclesia
1059 3057 1136 3117 quse
1156 3043 1204 3096 est
1223 3036 1256 3095 in

147 3132 263 3192 Eleous
275 3133 498 3206 eonveniamrue,
515 3134 656 3212 quonium
671 3134 820 3192 maximus
834 3133 921 3193 labor
939 3133 1027 3192 nobis
1046 3133 1145 3191 instat
1166 3131 1255 3191 hodie

146 3234 236 3287 noete
262 3229 349 3292 isto.”
399 3228 496 3287 Facta
522 3248 593 3306 ergo
621 3229 712 3287 missu
736 3227 881 3305 Martyrii
905 3227 992 3286 venit
1015 3232 1084 3305 post
1109 3225 1257 3300 Crucem3

145 3320 259 3380 dicitur
273 3322 317 3381 ibi
331 3342 410 3381 unus
423 3341 533 3399 ymnus
548 3327 678 3394 tuntum,
694 3322 731 3380 fit
744 3322 850 3393 oratio,
866 3326 899 3379 et
912 3319 1020 3379 offeret
1040 3321 1198 3398 episeopus
1211 3319 1255 3379 ibi

145 3413 338 3487 oblationem,
352 3421 385 3475 et
399 3416 621 3475 communicant
641 3434 753 3474 omnes.
796 3414 934 3492 Excepta
951 3414 1033 3475 enim
1051 3415 1118 3492 ipss
1130 3414 1180 3474 die
1193 3434 1256 3473 unu

145 3525 200 3584 per
214 3513 314 3567 totum
334 3528 449 3568 annum
470 3529 625 3587 nunquam
646 3508 784 3567 offeritur
805 3514 875 3586 post
895 3506 1033 3580 ornnem,
1047 3509 1108 3567 nisi
1127 3508 1194 3587 ipss
1206 3506 1256 3568 die

147 3607 280 3662 tentum.
321 3603 418 3663 Foeta
438 3611 560 3682 ergoet
579 3603 624 3663 ibi
644 3604 746 3676 misse,
760 3603 824 3662 itur
843 3602 883 3661 ed
898 3602 1050 3662 Auustuse
1060 3622 1069 3677 ;
1088 3602 1126 3661 fit
1139 3603 1237 3662 oratio
1246 3624 1257 3677 ;

146 3696 370 3758 benedicuntur
386 3698 480 3776 juxte
500 3696 750 3759 consuetudinem
771 3696 974 3758 cathecumini
991 3697 1081 3757 etsie
1096 3697 1208 3771 fideles,
1224 3704 1257 3758 et

147 3793 184 3851 fit
197 3793 297 3853 misen.
