2814 4816
613 373 786 424 srrnrnrx.
1190 358 1256 422 495

145 533 201 594 hoc
223 536 260 593 fit
281 537 386 594 oratio.
430 534 511 593 Item
534 534 610 594 dicit
631 535 781 613 psnlmnm
805 534 987 611 quicumque
1007 533 1045 592 de
1069 532 1255 605 diaconibus,

144 628 285 687 similiter
304 629 341 687 fit
361 629 466 689 oratio.
521 629 645 688 Dicitur
667 636 699 688 et
723 629 835 687 tertius
862 627 996 705 psalmus
1021 648 1041 686 a
1067 646 1256 706 quocumque

144 721 261 795 clerico,
284 723 376 782 litet
398 723 619 794 tertioorstio,
644 729 677 781 et
701 723 944 782 commemoratio
967 723 1111 782 omnium.
1154 723 1257 782 Dictis

143 835 215 893 ergo
235 816 282 875 his
302 818 401 876 tribus
420 817 545 894 psalmis
565 823 598 876 et
617 816 709 876 fectis
728 818 918 876 orationibus
939 817 1049 890 tribus,
1070 836 1139 876 ecce
1161 818 1254 877 etism

143 909 333 969 thiminterin
349 912 527 971 inferuntur
544 912 628 970 intro
646 912 791 989 spelunca
805 910 977 982 Anastasis,
995 918 1033 970 ut
1046 918 1115 971 tota
1128 912 1253 971 basilica

146 1004 310 1065 Anastasis
328 1006 482 1082 replentur
500 1005 652 1065 odoribus.
696 1005 738 1064 Et
756 1012 831 1064 tunc
850 1005 903 1065 ubi
920 1013 987 1064 stet
1003 1006 1161 1084 episcopus
1173 1007 1257 1065 intro

145 1099 302 1173 cancellos,
322 1099 452 1178 prendet
472 1100 663 1176 evangelium
684 1106 718 1158 et
744 1099 868 1160 accedet
895 1099 935 1159 ed
960 1100 1102 1175 hostium,
1120 1108 1153 1160 et
1175 1101 1257 1178 leget

146 1195 394 1254 resurrectionem
412 1194 540 1253 domnus
561 1194 716 1271 episcopus
735 1194 807 1273 ipse.
862 1193 949 1265 Quod
972 1213 1040 1254 cum
1054 1196 1170 1272 ceperit
1186 1194 1257 1273 legi,

146 1294 254 1347 tantus
280 1289 400 1366 rugitus
432 1295 466 1346 et
493 1288 629 1366 mugitus
659 1288 696 1347 fit
727 1289 862 1348 omnium
900 1290 1055 1349 hominum
1089 1296 1122 1349 et
1149 1296 1258 1349 tentae

146 1380 296 1451 lncrimse,
332 1386 368 1438 ut
395 1380 533 1455 quumvis
566 1378 745 1439 durissimus
776 1381 873 1458 possit
907 1381 1022 1440 moveri
1048 1382 1082 1439 in
1114 1381 1255 1454 lacrimis,

147 1473 313 1533 Dominum
336 1492 392 1551 pro
419 1472 506 1532 nobis
531 1480 620 1532 tenta
648 1475 835 1534 sustinuisse
879 1474 973 1534 Lecto
999 1493 1072 1552 ergo
1098 1475 1257 1553 evangelio

146 1567 212 1626 exit
242 1568 407 1643 episcopus,
439 1572 472 1624 et
494 1566 618 1627 ducitur
646 1589 714 1628 cum
741 1570 841 1647 ymnis
864 1570 904 1629 nd
928 1568 1066 1641 Crucem,
1094 1576 1127 1628 et
1158 1571 1258 1629 omnis

146 1660 291 1739 populum
305 1680 373 1720 cum
387 1660 448 1720 illo.
492 1661 544 1720 Ibi
558 1660 660 1723 denuo
673 1663 787 1723 dicitur
801 1684 880 1723 unus
893 1663 1035 1740 psalmus,
1051 1669 1083 1722 et
1096 1664 1135 1723 fit
1147 1663 1255 1724 oratio.

148 1756 228 1815 Item
256 1755 408 1815 benedicit
442 1756 554 1828 fideles,
583 1766 616 1817 et
652 1757 691 1816 fit
718 1759 819 1817 misse.
872 1758 916 1816 ut
942 1764 1075 1817 exeunte
1108 1759 1256 1835 episcopo,

146 1870 250 1910 omnes
276 1850 315 1910 sd
337 1871 461 1911 manum
482 1852 640 1912 secedunt.
692 1852 767 1912 Mox
788 1858 892 1911 sutem
915 1852 1024 1929 recipit
1045 1852 1255 1930 eoepiscopus

147 1944 181 2002 in
201 1943 321 2002 domum
338 1965 433 2007 sunm.
476 1945 580 2004 Etiam
594 1965 633 2005 ex
646 1946 701 2005 illa
713 1946 788 2005 hors
801 1951 1000 2005 revertuntur
1012 1947 1021 1982 ¹
1037 1965 1141 2004 omnes
1154 1966 1255 2005 monn

148 2044 251 2097 zontes
273 2039 312 2098 sd
334 2039 522 2113 Annetssim,
546 2047 579 2098 et
602 2040 711 2117 psslmi
735 2040 879 2100 dicuntur
902 2047 935 2098 et
955 2039 1142 2117 antiphonae
1162 2060 1258 2118 usque

147 2132 188 2191 nd
209 2133 317 2206 lucem,
339 2140 373 2192 et
394 2141 464 2193 cete
486 2135 622 2213 singulos
645 2135 776 2213 psalmos
798 2135 846 2193 vel
870 2133 1054 2211 antiphonas
1078 2134 1116 2192 fit
1139 2135 1256 2209 oreti03

148 2227 267 2286 vicibus
288 2228 369 2286 enim
392 2229 528 2306 qnotidie
550 2229 720 2306 presbyteri
737 2234 769 2288 et
787 2227 927 2288 diacones
943 2227 1075 2306 vigilent
1096 2226 1137 2287 sd
1159 2228 1260 2287 Anus·

148 2323 239 2380 tssim
267 2342 336 2381 cum
364 2324 484 2400 populo.
528 2323 577 2383 De
603 2323 688 2383 laicis
712 2324 814 2397 etium,
839 2324 914 2383 viris
941 2329 996 2382 sut
1020 2323 1207 2396 mulieribus,
1233 2326 1261 2382 si

148 2416 202 2494 qui
214 2416 324 2475 volunt
342 2436 436 2494 usquc
454 2417 495 2476 nd
509 2418 615 2490 lucem,
631 2418 696 2477 loco
709 2424 802 2491 snnt;
822 2418 915 2496 siqui
928 2417 1045 2489 nolent,
1060 2423 1258 2476 revertuntur

148 2511 182 2568 in
195 2509 300 2570 domos
313 2530 392 2584 suns,
408 2518 441 2571 et
454 2518 603 2590 reponent
616 2531 648 2572 se
660 2512 799 2572 dormito.

630 2866 657 2924 2.
683 2863 774 2924 Mass.

211 3055 290 3117 Cum
310 3056 377 3116 luce
397 3062 508 3128 eutem,
530 3057 602 3134 quis
626 3055 777 3116 dominice
801 3055 864 3115 dies
888 3060 946 3128 est,
971 3062 1004 3115 et
1028 3056 1203 3134 proceditur
1226 3059 1260 3118 in

149 3151 275 3211 ecclesie
309 3152 421 3228 majore
455 3170 545 3229 quam
579 3150 654 3209 fecit
688 3148 932 3222 Constantinum
967 3169 1045 3227 quse
1071 3151 1198 3209 ecclesis
1225 3153 1259 3209 in

151 3243 303 3321 Golgothe
323 3250 370 3302 est
390 3249 460 3321 post
481 3242 609 3303 Crucem
619 3264 628 3317 ;
649 3249 682 3302 et
702 3249 776 3302 sunt
795 3243 898 3301 omnia
918 3243 1084 3303 secundum
1102 3251 1259 3304 consuetu·

150 3338 252 3398 dinem
269 3358 347 3417 quse
361 3339 476 3415 ubique
486 3340 523 3396 lit
535 3337 586 3397 die
600 3337 760 3398 dominice.
803 3337 884 3396 Sane
897 3338 970 3415 quis
984 3337 1033 3396 hic
1045 3338 1058 3374 ²
1070 3339 1259 3398 consuetudo

150 3431 194 3488 sic
214 3436 261 3488 est
281 3434 318 3488 ut
339 3429 377 3489 de
397 3431 537 3489 omnibus
556 3430 734 3507 presbiteris
752 3430 805 3506 qui
823 3429 931 3488 sedent
949 3431 1058 3506 quenti
1072 3430 1182 3489 volunt
1195 3450 1261 3508 pre

150 3526 261 3598 dicent,
277 3530 310 3583 et
323 3531 392 3603 post
406 3525 474 3585 illos
486 3544 589 3584 omnes
603 3525 759 3602 episcopus
771 3523 928 3600 predicet5
945 3543 1023 3602 quse
1036 3525 1259 3601 predicationes

150 3625 310 3697 propterea
333 3639 449 3697 semper
473 3619 630 3678 dominicis
654 3617 760 3678 diebus
784 3623 867 3690 sunt,
893 3625 929 3675 ut
953 3636 1071 3695 semper
1099 3618 1259 3677 erudietur

149 3714 278 3792 populus
298 3713 331 3771 in
352 3714 518 3791 scripturis
539 3719 571 3773 et
592 3714 625 3772 in
646 3712 706 3772 Dei
730 3711 892 3772 dilectione
902 3732 911 3786 3
938 3731 1015 3789 queo
1037 3711 1259 3790 predicationes

200 3918 284 3970 ιἨιο
305 3917 490 3970 ecclesiasticol
513 3917 578 3984 vigil
601 3919 625 3970 is
646 3934 720 3977 oven
744 3917 792 3969 the
809 3915 902 3970 monh
920 3916 1019 3969 remuin
1035 3918 1138 3984 lesing
1154 3914 1262 3974 listins.

151 3996 191 4052 ci.
203 4012 246 4063 pp.
258 3996 315 4058 229,
325 3997 382 4049 449.

200 4075 268 4129 ’Gi
279 4090 304 4141 p.
316 4076 356 4127 5&
