2806 4822
143 379 208 443 514
252 396 432 447 ossuum
453 398 623 448 uenenis:
647 398 700 447 us
721 397 839 448 omens
861 400 930 449 nm
952 399 1157 451 suenumos.

143 562 252 635 oratio,
267 569 300 622 et
313 562 426 641 legitur
440 564 492 624 ille
506 564 590 625 locus
606 564 645 625 de
662 565 827 642 evnngelio,
840 566 895 625 ubi
908 565 1014 626 eedem
1034 567 1089 626 die
1111 567 1262 628 Dominus

141 656 175 715 in
189 654 294 716 eodem
307 656 381 730 loco,
396 658 450 717 ubi
470 659 537 736 ipse
554 659 679 718 ecclesis
695 678 777 719 nunc
793 661 826 719 in
846 660 929 738 Syon
949 668 1007 732 est,
1021 661 1137 721 olsnsis
1157 661 1257 733 ostiis,

141 750 296 827 ingressus
310 758 359 810 est
378 751 552 830 discipulis3
572 751 606 811 id
626 758 674 813 est
693 753 815 831 qnando
835 759 910 812 tnnc
931 773 1011 815 unus
1032 772 1075 813 ex
1100 754 1258 832 discipulis

142 845 186 902 ibi
207 865 269 904 non
289 852 366 916 eret,
386 846 419 905 id
439 853 487 905 est
507 846 646 920 Thomas,
667 866 728 924 qua
748 867 886 907 reversus
908 857 963 921 est,
979 855 1011 907 et
1027 848 1208 908 dicentibus
1231 850 1258 908 ei

144 937 213 996 eliis
232 940 384 1015 apostolis,
401 941 472 1018 quis
486 941 651 1000 Dominum
665 940 824 1011 vidissent,
838 942 890 1000 ille
908 941 1007 1000 dixit:
1031 942 1136 1001 “Non
1157 942 1256 1015 medo,

143 1032 204 1090 nisi
218 1032 349 1091 videro.'’
391 1032 459 1093 Hoc
481 1035 569 1106 lecto,
590 1035 626 1093 fit
646 1034 745 1096 denuo
765 1038 886 1106 oratio;
907 1037 1135 1096 benedicuntur
1157 1038 1257 1096 csthe

145 1127 267 1200 cumini,
283 1127 356 1186 item
367 1127 477 1201 fideles,
493 1135 525 1187 et
539 1134 737 1188 revertuntur
751 1130 955 1209 unusquisque
969 1130 1009 1189 sd
1022 1129 1150 1190 domum
1172 1151 1257 1190 susm

144 1238 220 1291 sere,
235 1219 310 1278 hors
324 1220 456 1279 forsitan
469 1222 568 1281 noctis
581 1221 724 1282 secunde

485 1582 531 1641 ll.
553 1579 675 1659 Sundcy
695 1581 776 1658 after
796 1581 909 1641 uester.

206 1752 288 1810 item
301 1751 416 1810 octavis
430 1750 573 1824 Pesohse,
588 1749 621 1809 id
635 1756 683 1810 est
703 1750 753 1809 die
773 1750 931 1823 dominice,
947 1751 1055 1810 stetim
1076 1757 1150 1829 post
1171 1760 1260 1812 sexte

144 1847 241 1905 omnis
260 1846 389 1923 populus
409 1864 478 1903 oum
498 1845 636 1922 episcopo
657 1843 697 1903 ed
720 1844 837 1903 Eleous
860 1843 1006 1904 escendit
1061 1844 1206 1906 Primum
1227 1850 1262 1907 in

143 1941 268 2000 ecclesis
281 1959 358 2018 quse
372 1939 416 1997 ibi
428 1946 476 1997 est
490 1937 667 2016 aliquandiu
680 1937 822 2015 sedetnr;
841 1938 988 1999 dicuntur
1000 1939 1096 2016 ymni,
1109 1938 1262 2001 dicuntur

144 2033 330 2112 antiphonae
357 2040 447 2111 sptse
472 2032 532 2092 diei
555 2039 588 2091 et
610 2031 695 2107 loco;
715 2033 796 2092 fiunt
819 2034 972 2093 orationes
994 2034 1141 2093 similiter
1166 2043 1260 2114 sptse

144 2127 204 2189 diei
226 2134 259 2187 et
280 2129 352 2188 loeo
396 2126 506 2186 Denuo
530 2126 602 2185 inde
629 2146 698 2186 cum
721 2128 821 2205 ymnis
848 2129 913 2188 itur
936 2129 970 2186 in
997 2127 1163 2189 Imbomon
1186 2151 1260 2191 susu

144 2224 294 2294 similiter,
309 2227 341 2281 et
354 2222 398 2280 ibi
418 2241 455 2281 es
476 2227 612 2298 aguntur
632 2240 710 2298 quse
726 2227 759 2279 et
780 2221 852 2281 illic.
896 2221 1023 2280 Etcum
1043 2224 1162 2299 ceperit
1183 2224 1261 2283 hors

145 2337 219 2390 esse,
236 2318 301 2392 jem
323 2317 421 2376 omnis
442 2316 573 2393 populus
597 2320 629 2372 et
653 2333 756 2373 omnes
778 2316 982 2392 Aputsctitse
1003 2315 1163 2377 deducunt
1186 2319 1261 2396 epis

145 2430 251 2488 eopum
278 2429 347 2468 cum
370 2410 470 2486 ymnis
488 2427 583 2485 usque
610 2406 650 2465 sd
676 2407 839 2469 Anasta-se
889 2408 937 2466 Es
957 2416 1059 2468 sutem
1087 2407 1168 2469 hors
1195 2431 1261 2488 per·

146 2508 270 2565 venitur
297 2503 336 2562 sd
363 2504 526 2574 Anestsse,
556 2522 616 2580 qus
644 2501 849 2561 lucernarium
876 2503 943 2562 fieri
970 2503 1058 2564 solet.
1100 2503 1157 2562 Fit
1185 2524 1260 2582 ergo

146 2600 349 2661 lucernarium
362 2606 427 2656 tem
441 2597 481 2656 sd
499 2598 654 2655 Ansstsse
672 2615 762 2674 quem
782 2596 822 2655 sd
844 2595 990 2673 Crucem
1011 2605 1044 2657 et
1064 2597 1138 2658 inde
1159 2602 1260 2660 omnis

145 2696 275 2776 populus
288 2692 436 2770 usquead
450 2712 544 2751 unum
566 2711 634 2751 oum
650 2692 750 2768 ymnis
769 2691 887 2751 ducunt
905 2693 1077 2770 episcopum
1099 2712 1198 2772 nsque
1218 2694 1259 2754 sd

146 2787 238 2863 Syon.
289 2788 356 2847 Ubi
377 2806 445 2845 cum
469 2793 595 2846 ventum
618 2785 722 2856 fuerit,
745 2786 884 2844 similiter
908 2786 1053 2845 dicuntur
1080 2789 1168 2864 ymni
1191 2791 1260 2867 epti

147 2882 211 2942 loco
225 2889 258 2941 et
271 2883 350 2956 diei;
372 2881 484 2958 legitur
497 2881 598 2939 denuo
612 2885 644 2938 et
658 2879 711 2937 ille
724 2879 806 2938 loeus
823 2878 861 2939 de
881 2881 1046 2957 evangelio,
1063 2881 1117 2940 ubi
1139 2884 1260 2942 ootsvis

146 2977 280 3036 Paschae
303 2977 455 3052 ingressus
478 2982 525 3033 est
548 2974 705 3044 Dominus,
732 2973 785 3031 ubi
809 2981 899 3032 erent
922 2974 1072 3052 discipuli,
1096 2982 1129 3033 et
1148 2983 1262 3054 arguet

146 3073 299 3143 Thomsm,
320 3090 413 3149 quere
437 3070 610 3128 incredulus
626 3067 745 3127 fuisset.
797 3068 840 3125 Et
864 3076 939 3128 tunc
959 3071 1057 3128 omnis
1073 3070 1143 3146 ipss
1166 3070 1260 3130 lectio

146 3167 313 3245 perlegitur
325 3187 333 3238 ;
354 3163 545 3242 postmodum
559 3164 595 3220 fit
609 3161 728 3233 oretio;
748 3161 917 3221 benedictis
928 3162 1023 3244 [tam]
1035 3164 1259 3224 cathecuminis

147 3283 236 3340 quem
264 3260 412 3331 fidelibus,
441 3261 532 3335 juxta
553 3254 802 3316 consuetudinem
825 3264 1025 3316 reve1tuntur
1049 3260 1262 3336 unusquisque

147 3355 186 3413 sd
200 3354 321 3413 domum
334 3371 427 3425 susm,
444 3352 584 3410 similiter
598 3355 635 3409 ut
655 3347 705 3407 die
726 3347 878 3411 dominice
898 3351 1042 3425 Paschae,
1057 3351 1134 3411 hore
1158 3357 1261 3414 noctis

149 3446 287 3509 secunda.
