2814 4816
338 402 545 455 crnnuourss
567 402 609 453 or
630 401 808 454 cumcurm
829 400 1024 453 musanen.
1168 384 1232 450 323

124 576 213 631 agere,
227 559 341 615 Domine
353 560 425 616 Deus
437 563 555 628 aeterne,
568 559 612 631 qui
630 558 704 614 solus
720 558 804 615 babes
820 555 1059 624 immortalitatem,
1071 572 1185 628 eamque
1198 574 1233 614 ne

124 643 197 699 solus
208 644 344 715 possideas
356 645 433 700 nobie
444 661 548 716 quoque
560 649 688 700 renovata
698 648 788 698 aetate
800 642 930 709 tribuisti3
948 640 994 712 qui
1006 640 1125 697 humano
1141 641 1234 712 generi

125 726 251 780 amimam
270 742 317 797 per
336 725 572 797 transgressionem
591 724 718 797 pristinae
738 723 846 795 originis
865 722 1025 795 dignitatem
1043 722 1188 778 reformare
1204 722 1234 778 in

127 806 221 862 melius
240 813 296 862 tam
314 808 429 879 prctioso
453 825 533 879 quarn
553 806 624 863 felici
643 806 809 879 baptismatis
828 823 939 862 munere
960 806 1076 861 voluisti.
1113 804 1232 877 Adsiste,

126 907 296 961 (praesumus,
307 891 343 946 ed
360 892 556 948 invocationem
573 891 689 946 nominis
701 891 758 960 tui;
776 889 915 946 sanctifica
926 889 1030 944 fontem
1040 888 1123 958 hunc,
1136 888 1234 944 sancti-

127 974 220 1028 tioator
238 973 342 1044 generis
363 974 489 1045 bumani3
507 975 555 1030 fiat
573 973 648 1030 locus
668 975 718 1029 iste
737 973 833 1045 dignm
851 973 878 1028 in
896 989 975 1044 quem
994 972 1108 1044 Spiritus
1126 978 1236 1028 sauctus

126 1055 229 1112 influat
274 1058 422 1130 Sepeliatur
445 1058 500 1113 illic
521 1058 609 1113 Adam
631 1064 718 1127 vetus,
739 1063 860 1128 resurgat
880 1072 983 1124 novus3
1008 1056 1137 1112 moriatau
1154 1073 1236 1114 ornae

126 1139 199 1211 quod
214 1141 302 1197 aarum
318 1148 367 1212 est,
380 1149 499 1213 resurgat
516 1159 596 1197 omne
613 1140 686 1212 quod
702 1141 825 1213 spiritus;
843 1146 978 1196 exuantm
994 1139 1133 1197 sordentes
1151 1140 1234 1211 vitiis,

127 1228 156 1277 et
175 1222 291 1279 discissis
314 1225 431 1280 oriminis
454 1224 603 1294 amictibus,
625 1221 774 1296 splendoris
797 1229 825 1280 et
848 1221 1055 1279 immortalitatis
1078 1221 1237 1279 indumenta

127 1313 273 1364 sumantur.
309 1308 473 1381 Quicumque
490 1309 518 1365 in
530 1308 638 1364 Christo
656 1307 861 1380 baptizabuntur
879 1306 991 1363 induant
1007 1305 1159 1376 Christum
1177 1305 1236 1378 qui·

128 1408 241 1461 cumque
260 1391 304 1447 bic
326 1393 540 1448 renunciaverint
558 1390 663 1447 diabolo
680 1390 714 1446 da
730 1390 769 1446 eis
784 1390 947 1463 triumphare
964 1389 997 1444 de
1013 1388 1129 1457 mund03
1151 1389 1196 1460 qui
1208 1395 1236 1445 te

128 1472 155 1526 in
175 1473 227 1528 hoc
248 1472 307 1529 loco
328 1475 494 1530 invocaverit
514 1481 545 1529 tu
563 1492 625 1529 eum
645 1489 791 1544 cognoscas
809 1473 837 1527 in
855 1489 945 1543 regno.
982 1472 1027 1527 Sic
1045 1471 1074 1526 in
1093 1470 1145 1526 hoo
1163 1473 1237 1526 touta

127 1555 317 1627 extinguantur
329 1557 440 1612 crimina
453 1574 486 1612 ne
499 1563 645 1627 resurgant,
664 1556 703 1611 sic
721 1555 869 1611 invalescat
880 1571 965 1626 aquae
983 1555 1060 1610 istius
1077 1554 1235 1611 beneficium

128 1643 159 1689 ut
170 1637 273 1692 aeterni
291 1639 360 1709 ignis
378 1640 528 1711 restinguet
544 1639 707 1695 incendium.
744 1638 824 1695 Mitte
842 1637 935 1693 sonte¹
956 1635 1083 1691 altaribus
1101 1636 1155 1691 tuis
1172 1653 1239 1716 quos

128 1720 222 1775 altaria
234 1724 321 1793 regnis
333 1724 386 1779 tuis
397 1725 514 1781 mittant.
552 1725 637 1781 Totus
652 1725 697 1780 hia
709 1725 802 1779 horror
820 1725 912 1780 mortis
930 1724 1060 1791 inteream
1079 1726 1239 1796 quicumque

129 1805 173 1862 hic
184 1813 246 1862 tuus
255 1826 313 1864 esse
324 1812 425 1883 ceperit
436 1818 498 1867 tuus
507 1828 566 1866 ease
575 1828 630 1866 nou
640 1811 759 1879 desinat3
772 1810 932 1883 quicumque
944 1811 988 1866 hio
998 1828 1027 1867 sc
1036 1811 1086 1867 sibi
1100 1813 1240 1882 negaverit

128 1897 155 1946 te
167 1891 325 1963 lucrifaciat,
336 1901 365 1950 et
376 1913 424 1967 per
440 1896 615 1951 ministerium
635 1902 755 1951 nostrum
768 1903 796 1951 et
807 1895 956 1952 misterium
974 1902 1050 1953 tuum
1069 1902 1240 1952 consecratus

129 1973 178 2030 tibi
190 1975 302 2048 populus
313 1978 428 2034 aeternis
440 1977 475 2034 ad
487 1983 515 2033 te
527 1978 652 2050 praemiis
664 1983 841 2035 consecretur.

193 2287 240 2353 At
261 2287 326 2353 this
349 2288 443 2374 point
464 2287 520 2354 the
543 2287 687 2352 infusion
709 2286 745 2352 of
766 2286 823 2352 the
845 2285 966 2352 chriam
993 2287 1063 2355 into
1086 2288 1144 2355 the
1166 2289 1241 2356 font

129 2394 222 2459 takes
237 2392 337 2478 place.
382 2394 449 2460 The
471 2393 587 2478 bisbop
609 2412 707 2477 poure
724 2391 753 2458 it
766 2389 932 2458 crossvriss
953 2391 1024 2460 into
1046 2394 1103 2461 thc
1117 2393 1241 2472 irater,¹

130 2498 290 2584 sains-

185 2816 286 2874 Insusio
297 2818 429 2873 chrismae
441 2817 562 2873 salutaris
574 2817 676 2874 domini
687 2816 771 2874 nostri
781 2817 849 2873 desa
860 2815 969 2885 Christi,
981 2821 1012 2874 ut
1023 2815 1070 2874 liat
1082 2818 1142 2875 fons
1153 2836 1240 2892 aquae

130 2904 248 2962 salientis
259 2904 364 2962 cunctis
376 2903 600 2962 descendentium
610 2906 639 2963 in
651 2922 691 2977 ea,
703 2903 733 2961 in
744 2904 828 2961 vitam
840 2902 999 2961 aetemam⁸

197 3163 251 3230 He
274 3164 353 3230 theu
375 3164 490 3230 recites
514 3186 534 3228 e
558 3164 638 3229 final
662 3183 786 3250 prayer,
807 3161 985 3249 imploring
1011 3162 1067 3229 the
1092 3184 1185 3249 grece
1207 3165 1244 3231 cl

183 3484 191 3515 ¹
208 3484 308 3545 Fontis,
316 3484 420 3550 portel
431 3482 534 3534 «titios.

182 3563 267 3613 ²'l'he
286 3563 389 3612 Mtaaulc
408 3560 571 3612 Gallicanum
591 3560 674 3608 states
691 3555 751 3608 that
770 3556 825 3609 this
844 3557 959 3609 infusion
982 3558 1007 3608 is
1025 3557 1101 3610 made
1120 3559 1148 3610 in
1168 3559 1242 3612 three

131 3639 241 3690 distinct
262 3642 324 3689 acts.
359 3637 416 3686 The
438 3637 541 3687 Mlaacle
559 3633 692 3687 Gellclcam
711 3633 774 3684 here
795 3634 924 3686 mentions
941 3651 958 3685 a
976 3635 1055 3700 triple
1074 3635 1241 3698 insufflation,

132 3717 179 3767 but
194 3732 223 3766 as
237 3716 260 3765 it
276 3716 362 3780 places
376 3714 476 3764 atthis
491 3713 565 3778 point
580 3712 627 3762 the
643 3710 790 3777 exorcising
806 3713 835 3763 of
849 3712 895 3763 the
910 3716 997 3774 water,
1008 3713 1095 3763 which
1111 3714 1150 3765 all
1166 3713 1243 3766 other

131 3793 283 3845 documenta
298 3796 347 3857 put
364 3792 450 3843 before
466 3791 512 3842 tho
527 3789 686 3851 contemtio,
696 3790 721 3841 it
736 3790 760 3840 is
775 3791 887 3854 possible
903 3790 963 3841 that
979 3789 1034 3840 this
1050 3792 1101 3841 rito
1117 3792 1198 3843 setara
1213 3794 1244 3844 lc

131 3875 178 3925 the
188 3873 314 3926 exorcism
324 3872 405 3933 itsolf,
416 3871 468 3921 and
479 3874 524 3921 not
535 3874 562 3920 to
573 3869 619 3919 the
630 3869 804 3919 consecration
815 3869 934 3934 properly
945 3885 973 3920 so
983 3868 1076 3920 called

179 3949 272 3999 ''l'bis
292 3947 434 4011 iormulary
457 3947 479 3996 is
500 3949 555 3996 mot
577 3944 642 3995 with
663 3944 692 3994 in
714 3943 761 3994 tho
782 3943 885 3995 librate
908 3945 1049 4007 Gabbam,
1069 3944 1123 3996 and
1142 3945 1170 3997 in
1192 3945 1241 3999 tbe

132 4027 230 4079 Bobbio
246 4028 451 4090 &ommentarv
491 4024 518 4074 It
542 4023 566 4074 is
590 4022 701 4074 omitted
724 4022 753 4072 in
777 4021 823 4072 the
844 4020 948 4074 dilaculo
970 4021 1142 4076 Gallicanam.
1182 4022 1242 4077 sno

131 4104 279 4155 licearabic
289 4101 381 4154 Missa}
392 4101 510 4153 contains
520 4100 644 4152 another:
659 4100 738 4166 b'r'prso
747 4102 778 4161 ts,
788 4100 956 4153 mamtlutcre
965 4101 1032 4166 sorus,
1042 4105 1092 4152 etc.
