2814 4816
616 410 791 461 sermon.
1195 392 1259 459 475

151 564 196 625 Et
229 567 310 628 scola
344 568 473 647 complet
506 568 622 629 letania
655 568 738 628 infra
771 568 1005 648 presbyterium,
1035 564 1119 645 oyes
1152 565 1259 628 eleison

151 674 323 745 repetentes
346 675 403 742 ter,
426 667 536 728 deinde
562 666 672 728 Christe
695 667 767 727 aedi
789 687 849 740 sos,
870 665 980 727 Saacta
1000 665 1112 738 Maria,
1134 685 1187 725 ora
1202 685 1260 745 pro

149 759 236 832 nobis,
272 768 390 820 sanctae
423 758 521 834 Patre,
556 769 673 820 samiae
699 759 806 834 Paule,
839 768 956 821 coactae
990 758 1134 832 Andreae,
1162 767 1259 820 sancte

150 851 306 928 Johaaaes,
333 860 430 913 sancte
456 851 610 932 Stephane,
632 861 729 914 sancte
757 852 910 926 Laurenti,
939 853 988 911 vel
1016 856 1123 911 sancto
1150 851 1198 910 illi
1225 852 1259 910 in

150 946 237 1022 cujus
257 947 399 1006 ecclesiae
419 948 511 1006 missa
531 948 712 1008 celebranda
732 954 780 1006 est
789 968 798 1021 ;
819 947 928 1006 deinde
951 945 1054 1007 Oasaes
1067 945 1161 1006 sancti
1180 953 1260 1005 orem

144 1058 202 1118 pro
225 1039 312 1102 sabis.
362 1038 513 1120 Propitiis
534 1048 601 1114 esto,
621 1060 712 1119 parce
734 1040 813 1100 achis
835 1039 966 1100 Domine.
1017 1036 1168 1116 Propitius
1190 1046 1257 1112 esto,

150 1131 241 1191 latera
254 1152 305 1191 aas
318 1132 450 1192 Domine.
492 1132 538 1193 Ab
552 1134 628 1193 amai
641 1133 717 1192 malo
731 1133 822 1192 lehara
836 1152 886 1193 nos
900 1131 1032 1191 Domine.
1073 1129 1258 1190 Percsacem

150 1236 229 1287 taam
243 1228 334 1289 taem
347 1250 397 1289 aas
411 1228 542 1290 Domine.
583 1228 762 1302 Peccatores,
779 1238 805 1289 te
819 1247 959 1306 royamas,
975 1227 1049 1287 andi
1061 1246 1121 1287 sos.
1166 1226 1260 1286 Filias

149 1320 219 1393 Dei,
233 1329 259 1380 te
273 1340 413 1398 ropamas,
428 1322 501 1380 aedi
520 1341 578 1382 aas.
626 1320 663 1382 Ut
678 1341 781 1400 pacem
794 1321 888 1393 dorios,
906 1329 932 1380 te
952 1339 1085 1399 ropamas
1105 1319 1177 1379 andi
1196 1339 1257 1379 aas.

150 1413 193 1471 Et
212 1412 312 1491 Aquas
328 1414 397 1486 Dei,
418 1415 519 1473 omnia
539 1422 588 1473 ter
608 1421 790 1492 repetentes.
834 1414 954 1473 Deinde
977 1412 1088 1474 Odrists
1108 1412 1180 1471 aadi
1193 1430 1252 1483 aas,

149 1506 241 1584 Kyrie
252 1506 365 1581 eleison,
381 1514 504 1567 tantum
518 1516 567 1567 ter
578 1529 589 1582 3
608 1514 641 1567 et
656 1509 839 1585 completum
853 1514 910 1567 est.

210 1599 253 1658 Et
274 1600 340 1677 ipsa
367 1598 417 1659 die
444 1601 505 1661 dno
532 1607 700 1661 cereostata
727 1600 895 1678 procedunt
922 1607 995 1658 ante
1022 1599 1195 1676 pontificem
1223 1604 1256 1656 et

147 1711 210 1750 non
231 1691 307 1750 dicit
331 1692 412 1751 scola
438 1691 521 1769 Chris
544 1693 649 1754 eleison
671 1701 740 1772 post
762 1693 969 1771 antiphonam,
992 1711 1089 1772 neque
1115 1692 1256 1771 pontifex

151 1783 255 1845 Gloria
268 1786 299 1845 in
313 1785 432 1846 eccelsia
445 1785 519 1847 Deo.

668 2337 746 2400 VII.

148 2558 226 2620 Ordo
249 2557 374 2638 qualiter
398 2559 428 2618 ia
448 2567 548 2619 sancta
569 2566 655 2638 atque
683 2557 840 2637 apostolica
862 2556 938 2630 sede,
960 2556 993 2616 id
1013 2564 1055 2617 est
1075 2557 1153 2618 beati
1172 2557 1259 2619 Petri

227 2654 356 2728 ecclesia,
384 2655 468 2715 certis
491 2655 661 2736 temponhas
687 2655 833 2715 ordinatio
852 2656 900 2733 fit,
929 2653 1005 2732 qaod
1031 2654 1068 2714 ab
1095 2655 1259 2717 orthodoxis

222 2749 356 2828 patribus
376 2749 533 2809 institutam
554 2758 603 2824 est,
626 2750 658 2809 id
685 2757 727 2808 est
746 2768 839 2808 mense
855 2748 958 2828 primo,
981 2746 1074 2821 1111,
1104 2747 1184 2825 VH,
1205 2751 1256 2825 X.,

226 2843 276 2903 doc
289 2851 331 2903 est
344 2842 375 2902 ia
388 2842 466 2905 XII.
482 2842 623 2906 lectiones.

207 3041 355 3102 Primitns
382 3045 472 3117 enirn,
501 3042 635 3103 secunda
662 3044 740 3103 ieris
766 3042 800 3101 in
828 3039 1003 3114 ebdomada,
1032 3042 1154 3120 quando
1175 3042 1255 3110 XII.

146 3136 290 3195 lectiones
317 3135 431 3196 debent
458 3137 532 3210 fieri,
562 3142 650 3197 vocat
677 3135 817 3215 pontifex
845 3134 963 3207 electas,
990 3141 1023 3193 et
1046 3136 1156 3213 jurant
1183 3145 1257 3199 ante

145 3249 214 3289 eum
235 3248 325 3308 super
345 3230 489 3308 reliquias
509 3235 694 3303 sanctornm,
709 3229 853 3289 adstante
873 3229 1049 3307 primicereo
1069 3236 1101 3289 et
1122 3231 1257 3291 secundi·

145 3325 225 3383 cario
238 3330 271 3382 et
284 3322 496 3383 archidiacono
509 3331 542 3382 et
555 3323 809 3401 archipresbitero
829 3328 861 3380 et
874 3323 924 3382 cni
939 3323 1070 3383 voluerit
1090 3324 1127 3383 de
1142 3324 1259 3384 1111.<¹‘

144 3415 279 3494 capitula
306 3414 386 3493 quod
413 3434 544 3474 canones
571 3414 742 3492 prohibent.
786 3413 906 3473 Deinde
933 3413 1017 3476 ΠΙΙ.
1045 3414 1133 3489 feria,
1161 3418 1256 3476 statio

144 3511 178 3568 in
199 3509 324 3569 ecclesia
347 3515 454 3567 sancte
478 3508 538 3568 Dei
560 3508 724 3586 genetricis
748 3507 868 3566 Mariae
879 3528 888 3581 ;
916 3514 949 3566 et
970 3508 1140 3586 procedunt
1164 3510 1256 3569 electi

144 3623 197 3662 seu
218 3610 250 3663 et
270 3605 367 3663 omnis
386 3603 492 3676 clerus,
514 3604 595 3663 sicut
614 3621 680 3663 mos
700 3608 757 3675 est,
780 3600 855 3660 hora
876 3600 935 3660 VI.
979 3601 1023 3661 Et
1035 3602 1161 3663 inchoat
1173 3604 1255 3663 scola

144 3697 283 3757 antifona
302 3698 342 3756 ad
362 3698 532 3757 introitum.
582 3694 625 3755 Et
645 3695 750 3774 psallit
769 3694 908 3754 sacerdos
927 3695 1093 3756 secundm
1113 3716 1254 3756 conanae

144 3790 284 3852 tudinem
305 3792 344 3851 ad
368 3792 476 3864 altare,
501 3798 533 3850 et
555 3790 631 3851 dicit
656 3789 796 3851 Dominae
822 3788 959 3849 wbhcam
986 3796 1018 3849 et
1048 3789 1189 3864 Orsman
1220 3799 1253 3852 et

143 3884 288 3944 diaconm
309 3881 471 3944 h'lectamas
490 3902 585 3960 ysaac
594 3903 608 3956 ,⁰
635 3887 757 3961 etpost
775 3880 932 3961 paululum
953 3879 1071 3945 Lacte.
1114 3882 1156 3941 Et
1177 3882 1253 3943 dicit

674 4100 706 4173 (i)
725 4099 779 4157 m.
