2814 4816
472 395 539 444 rso
559 394 724 444 ersmers
747 395 844 445 mes.
1150 382 1213 445 211

166 552 234 619 The
248 552 419 619 recitation
433 552 470 619 of
481 554 538 619 the
552 552 704 640 diptycho
719 574 786 621 wss
800 552 951 620 followed
966 555 1010 639 by
1026 554 1082 620 the
1096 575 1214 641 prayer

103 658 177 725 Post
191 657 325 725 moena
333 679 388 723 :-

467 918 617 960 comesto
634 917 702 959 1²08!
719 916 842 959 imm.

154 1035 272 1109 Suscipe
302 1052 470 1108 quaesumus,
502 1036 616 1092 Domine
640 1036 709 1092 Jesn
742 1036 909 1108 omnipotens
941 1035 1208 1104 Damascenorum

99 1118 186 1175 lendis
209 1118 329 1176 obletnm
349 1118 422 1193 quod
443 1137 491 1192 pro
512 1127 560 1176 tue
583 1120 713 1175 hodierne
736 1119 925 1175 Incsrnetione
944 1136 962 1175 e
984 1119 1062 1176 nobis
1086 1122 1211 1194 offertur3

98 1210 128 1259 et
150 1221 200 1276 per
222 1221 288 1260 enm
316 1202 355 1260 sio
382 1204 541 1276 propitiatus
571 1203 664 1259 sdesto
687 1209 718 1259 ut
741 1203 926 1276 superstitibus
956 1204 1050 1276 vitem,
1079 1205 1213 1262 defunctis

98 1288 217 1359 requiem
240 1287 342 1343 tribou
363 1288 562 1360 sempiternom.
598 1287 716 1344 Nomine
736 1304 848 1359 quorum
872 1294 936 1343 sunt
958 1287 1114 1344 recitatione
1137 1305 1210 1344 oom-

97 1371 177 1443 plexs
206 1371 286 1427 scribi
311 1369 410 1441 jubees
438 1370 467 1426 in
496 1370 663 1442 aeternitate,
694 1387 742 1443 pro
772 1368 868 1443 qnibns
897 1370 1041 1443 appernisti
1071 1371 1099 1427 in
1122 1389 1211 1444 cerne,

100 1453 224 1511 Salvator
236 1454 336 1526 mnndi,
348 1454 395 1527 qui
403 1471 465 1511 oum
478 1459 621 1510 coaeterno
634 1455 714 1510 Patre
726 1453 795 1510 rivis
807 1459 837 1509 et
848 1470 952 1525 regnes,
965 1460 1017 1510 eto.

165 1666 244 1734 Tbis
265 1667 295 1733 is
318 1667 375 1734 tho
398 1665 488 1733 third
510 1667 547 1733 ot
566 1665 623 1733 tbe
640 1687 773 1752 proyers
791 1667 828 1732 oi
846 1667 903 1733 the
925 1666 1017 1734 Mass
1035 1668 1208 1755 according

100 1781 135 1838 to
151 1772 197 1839 St.
214 1769 361 1838 Isidore.¹

453 2058 502 2123 11.
529 2056 592 2121 Tlos
615 2056 693 2121 Kios
716 2057 755 2142 of
773 2057 879 2122 Peaee.

162 2213 340 2279 (ἕως
372 2211 486 2276 Pateor
517 2217 625 2275 ceum
662 2210 732 2274 ideo
762 2208 965 2275 Obristiooil
992 2216 1104 2275 metuo
1126 2232 1207 2295 pro·

88 2318 206 2401 smatt
242 2324 280 2381 ot
306 2337 367 2401 per
404 2322 554 2380 memorem
587 2315 726 2380 oscedom
760 2320 884 2379 temet
912 2315 951 2380 io
989 2334 1020 2379 st
1062 2315 1209 2380 mritctis

97 2423 415 2609 αΙῙωΤιΙιΜοη’ἰοΙΙοιιὶιις
436 2543 552 2609 prayer
570 2521 799 2609 eecompanied
820 2523 877 2590 the
902 2544 1075 2609 ceremony
1096 2524 1133 2591 of
1152 2525 1208 2592 the

97 2628 176 2697 Kisa
191 2630 228 2696 ol
239 2626 363 2696 Pesoe⁸
375 2652 428 2694 :—

475 2938 626 2981 COLLEOEIO
643 2937 683 2978 AD
701 2937 806 2981 PAOEH.

146 3059 322 3133 Omnipotens
345 3057 507 3130 sempiterne
540 3058 623 3126 Deus,
647 3056 694 3129 qni
727 3056 800 3112 huno
824 3055 895 3112 diem
920 3057 1115 3115 incarnationis
1140 3064 1203 3117 tuse

90 3149 119 3198 ct
154 3149 245 3215 pertus
281 3144 377 3198 beetee
413 3141 515 3197 Marios
550 3140 660 3212 virginis
702 3141 874 3212 consecrasti,
908 3142 1009 3215 quique
1043 3141 1201 3198 discordiam

90 3234 226 3283 vetustam
249 3245 297 3299 per
320 3226 557 3297 transgressionem
581 3225 645 3295 ligni
668 3225 766 3280 veteris
787 3242 850 3281 cum
874 3225 975 3296 engolis
999 3232 1028 3283 et
1059 3226 1202 3283 homnibus

90 3329 139 3384 per
167 3310 362 3368 Inosrnetionie
394 3308 557 3381 mysterium,
591 3308 659 3381 lepis
686 3309 828 3380 engrrleris,
857 3309 989 3382 junxisti;
1019 3310 1055 3366 ds
1085 3310 1202 3366 semilise

89 3406 152 3455 tuse
180 3399 207 3454 in
240 3398 291 3455 heo
323 3397 477 3455 celebritate
500 3396 645 3466 loetitiem3
672 3402 704 3453 nt
733 3397 780 3471 qni
812 3403 840 3453 te
873 3405 1024 3454 consortem
1056 3399 1083 3453 in
1114 3398 1203 3455 cernis

139 3639 148 3669 ¹
168 3639 214 3706 Op.
225 3640 267 3690 cit.
300 3638 413 3689 “Tertio
427 3641 514 3688 eutem
529 3637 674 3689 effunditur
690 3652 737 3703 pre
749 3636 918 3689 offerentibus
934 3637 990 3690 sive
1004 3652 1051 3703 pro
1066 3636 1200 3692 detmotis

90 3716 218 3777 fidelibus,
228 3719 260 3767 nt
269 3730 316 3781 per
326 3715 396 3765 idem
407 3715 562 3766 seoritlcinm
573 3716 676 3768 venitm
686 3714 899 3780 consequentnr.”

137 3794 148 3824 ²
165 3792 271 3855 Gbrtste',
281 3794 310 3843 in
321 3792 367 3843 tho
377 3793 481 3857 printed
491 3792 598 3843 edition.

138 3870 272 3933 'Isidore
292 3887 332 3938 op.
354 3872 413 3922 cit.-
440 3875 456 3898 “
465 3870 566 3930 Quarto
578 3874 646 3936 ;post
667 3870 734 3922 heco
754 3871 868 3922 insertur
894 3886 941 3936 pro
961 3869 1049 3922 osonlo
1069 3870 1148 3935 penis,
1169 3873 1201 3923 nt

88 3949 217 4001 oberitete
227 3948 387 4000 reconsiliati
397 3964 485 3999 omncs
500 3948 612 3999 invicem
623 3948 705 4013 (ligne
717 3951 878 3999 nommonto
892 3948 1004 4012 eorporis
1020 3951 1048 3998 et
1062 3949 1200 4013 unguinis

88 4027 186 4078 Christi
212 4027 398 4089 momolentnr,
418 4026 483 4093 quie
507 4041 558 4077 non
584 4026 679 4091 reoipIt
706 4025 892 4079 dimnsiorm
915 4027 1071 4092 oeinsqnem
1099 4026 1200 4083 obtimi

92 4103 252 4157 indivisibile
263 4102 378 4169 oorpnsl’
