2814 4816
574 444 746 495 urrunnu.
1151 429 1216 494 469

169 603 244 666 Post
257 605 313 667 hoc
324 626 405 681 vero,
416 606 466 668 die
479 606 543 681 ills,
551 612 662 668 octava
674 605 751 667 hora
764 605 845 666 diaei
857 605 994 685 procedit
1007 603 1047 665 ad
1062 605 1216 666 ecclesiam

105 700 203 759 omnis
223 701 321 760 clerus
341 721 394 761 seu
415 708 448 762 et
467 703 566 761 omnis
586 703 723 780 populus,
739 709 772 761 et
792 700 965 779 ingreditur
986 700 1217 761 archidiaconus

106 793 139 852 in
153 797 285 855 sacrario
298 816 366 855 cum
381 797 449 855 aliis
463 796 640 856 diaconibus
654 802 686 855 et
701 802 824 855 mutant
838 815 871 854 se
889 797 970 854 sicut
983 796 1017 854 in
1037 795 1086 854 die
1100 801 1215 857 sancta.

107 887 150 946 Et
164 890 380 966 aegrediuntur
393 891 432 950 de
446 892 578 950 sacrario
591 897 624 949 et
637 889 717 949 duae
730 890 851 949 faculae
871 896 946 949 ante
965 892 1047 967 ipsos
1061 889 1217 949 accensam

106 988 264 1059 portantes
277 1005 297 1043 a
310 984 501 1056 subdiacono,
514 991 547 1043 et
556 985 686 1044 veniunt
699 991 773 1044 ante
786 985 886 1044 altare
899 984 1026 1056 diaconi,
1039 985 1217 1043 osculantur

105 1078 205 1155 ipsum
228 1085 261 1138 et
281 1079 400 1138 vadunt
420 1079 460 1138 ad
484 1079 584 1138 eedem
608 1080 770 1157 pontificis,
795 1086 827 1138 et
851 1081 910 1157 ipsi
932 1079 1111 1139 subdiaconi
1130 1084 1217 1136 stant

106 1180 189 1231 retro
211 1174 317 1245 altare,
340 1180 481 1233 tenentes
501 1172 619 1232 faculas
638 1193 735 1251 usque
755 1173 827 1233 dum
849 1173 1041 1250 complentur
1061 1173 1214 1231 lectiones

108 1265 227 1326 Deinde
249 1269 360 1327 annuit
387 1266 617 1327 archidiaconus
641 1267 828 1326 subdiacono
852 1268 1022 1344 regionario
1041 1272 1077 1325 ut
1097 1267 1218 1344 legatur

106 1359 197 1419 lectio
216 1363 322 1440 prima,
345 1362 379 1420 in
402 1380 492 1439 greco
513 1361 578 1420 sive
601 1361 635 1418 in
658 1361 765 1422 latino.
809 1360 929 1420 Deinde
951 1362 1057 1439 psallit
1078 1360 1218 1420 sacerdos

104 1455 188 1514 inira
200 1456 344 1515 thronum
361 1456 395 1514 in
408 1455 519 1514 dextra
529 1461 618 1533 parte
632 1455 740 1514 altaris
754 1461 787 1514 et
797 1454 873 1514 dicit
886 1453 1011 1528 Oramus,
1025 1461 1058 1513 et
1072 1453 1217 1513 diaconus

105 1547 268 1608 flectamus
289 1569 390 1627 genae,
415 1554 539 1626 etpost
562 1549 720 1625 paululum
749 1547 826 1606 dicit
853 1547 970 1610 Leonte.
1014 1548 1057 1607 Et
1079 1549 1217 1626 sequitur

104 1643 205 1701 oracio
225 1641 307 1703 Dens
333 1643 384 1722 qni
410 1641 582 1701 mirabiliter
607 1643 713 1703 creasti
736 1642 882 1705 hominem.
926 1642 1047 1703 Deinde
1071 1649 1217 1703 secuntur

105 1737 249 1797 lectiones
273 1744 306 1797 et
327 1739 447 1797 mntica
469 1757 522 1799 seu
549 1744 583 1797 et
604 1739 768 1810 oraciones,
793 1744 858 1796 tam
880 1757 969 1816 grece
996 1757 1088 1817 quam
1109 1738 1219 1811 latine,

106 1833 187 1891 sicut
200 1833 336 1892 ordinem
350 1833 475 1895 habent.

169 1926 364 1987 Lectionibus
378 1927 516 2005 expletis,
532 1924 733 2004 egrediuntur
746 1927 784 1986 de
800 1927 927 1986 ecclesia
946 1945 1025 2004 quae
1044 1926 1217 2004 appellatur

106 2019 364 2079 Constantiniana
378 2026 411 2079 et
432 2018 590 2079 descendit
609 2019 841 2079 archidiaconus
861 2038 928 2078 cnm
949 2019 1017 2077 eliis
1030 2017 1217 2093 diaconibus,

104 2121 138 2174 et
161 2115 241 2191 ipsm
261 2114 379 2174 faculas
401 2120 475 2173 ante
496 2115 586 2193 ipsos,
611 2134 707 2191 usque
731 2116 765 2173 in
787 2116 953 2173 sacrarium
977 2115 1030 2192 qui
1055 2120 1103 2173 eet
1123 2115 1217 2192 juxta

103 2207 212 2281 fontes,
229 2214 262 2266 et
279 2209 323 2267 ibi
343 2213 508 2285 expectant
527 2207 709 2284 pontificem.
753 2207 796 2265 Et
816 2207 890 2267 dum
911 2206 1080 2280 advenerit,
1094 2208 1217 2285 quando

104 2301 202 2378 jubet,
217 2302 293 2361 dicit
306 2302 345 2361 ad
364 2308 507 2379 quartum
522 2301 560 2360 de
575 2302 676 2364 scola:
697 2301 818 2361 Intrate.
863 2301 906 2362 Et
919 2302 1066 2361 inchoant
1080 2303 1217 2364 laetania

105 2403 179 2455 ante
192 2397 305 2470 fontes,
319 2403 492 2475 repetentes
506 2404 563 2456 ter.
604 2396 665 2467 Qui
685 2394 759 2455 dum
780 2397 917 2456 dixerint
937 2395 1038 2476 Agnus
1052 2396 1120 2471 Dei,
1136 2417 1217 2476 egre-

106 2491 192 2551 ditur
218 2491 359 2569 pontifex
387 2492 425 2551 de
452 2491 585 2550 sacrario
617 2511 685 2550 oum
716 2491 904 2563 diaconibus,
932 2496 965 2550 et
992 2491 1073 2569 ipsas
1101 2491 1217 2552 faculas

105 2591 178 2643 ante
197 2585 296 2662 ipsum
318 2584 475 2663 usquead
499 2584 610 2645 fontes.
653 2585 784 2644 Letania
812 2585 943 2663 expleta,
973 2585 1051 2644 dicit
1074 2585 1216 2646 Dominus

103 2681 249 2754 nobiscnm,
261 2681 371 2740 deinde
386 2681 512 2754 Orsmm,
525 2687 558 2740 et
571 2681 708 2759 sequitur
721 2682 820 2740 oratio
832 2680 881 2739 his
892 2681 1010 2742 verbis:
1034 2678 1216 2759 Omnipotens

103 2777 271 2854 sempiterne
285 2775 376 2847 Dens,
392 2775 491 2834 adesto
499 2774 643 2854 piaetatis
657 2781 724 2832 tnoe
744 2774 892 2850 mysteriis.
937 2772 1058 2833 Deinde
1078 2776 1216 2852 sequitur

104 2869 278 2928 benedictio
305 2869 353 2927 his
380 2868 500 2930 verbis:
522 2866 604 2926 Dosse
631 2867 681 2945 qni
707 2866 845 2926 invisibili
867 2866 1009 2945 potentio,
1025 2867 1216 2926 decantando

105 2964 184 3021 sicut
208 2962 387 3040 prefatione.
429 2960 494 3022 Ubi
514 2960 647 3023 dixerit:
669 2960 834 3020 Descendat
856 2960 888 3018 in
912 2960 986 3019 hanc
1004 2958 1214 3038 plenitudinem

98 3056 202 3133 sontis,
217 3063 338 3133 ponunt
351 3055 467 3114 faculas
479 3056 560 3133 ipsas
574 3054 656 3113 infra
673 3054 783 3115 fontes.
824 3053 1043 3114 Benediccione
1063 3054 1213 3132 conpletas

106 3153 216 3228 accipit
230 3149 369 3229 pontifex
384 3150 492 3207 crisma
505 3167 574 3206 oum
588 3149 654 3207 oleo
673 3150 771 3207 mixto
790 3148 825 3206 in
838 3168 910 3207 vase
931 3149 971 3206 ab
991 3147 1215 3222 archidiacono,

106 3251 139 3304 et
162 3247 297 3324 aspargit
312 3264 379 3303 eam
393 3263 448 3321 per
462 3241 595 3301 medium
608 3242 704 3301 fontis
718 3243 751 3300 in
765 3241 866 3301 tribus
879 3242 1027 3320 partibus,
1043 3246 1075 3300 et
1100 3243 1215 3320 recepit

105 3358 159 3396 vas
180 3338 409 3397 archidiaconus
429 3335 467 3394 de
488 3355 582 3393 manu
606 3336 757 3413 pontificis
781 3343 814 3396 et
835 3336 938 3394 reddit
966 3355 1032 3394 eam
1059 3336 1214 3396 acholitho

106 3433 158 3508 qui
172 3452 237 3490 eam
252 3431 373 3490 detulit.
416 3429 459 3486 Et
472 3427 611 3507 pontifex
632 3431 768 3507 aspargit
789 3449 856 3490 cum
877 3449 970 3488 manu
991 3429 1029 3489 de
1049 3431 1115 3507 ipsa
1135 3451 1214 3508 aqua

104 3544 195 3602 super
213 3526 364 3603 populum.

171 3622 213 3681 Et
226 3618 315 3679 vadit
335 3618 374 3677 ad
394 3619 492 3677 locum
513 3615 567 3676 ubi
590 3617 746 3695 baptizare
767 3617 868 3691 debet,
894 3624 927 3676 et
948 3616 1069 3677 diaconi
1092 3618 1213 3678 intrant

105 3719 188 3778 inira
201 3716 311 3786 fontes,
326 3713 379 3791 qui
392 3711 582 3770 denominati
599 3716 673 3770 sunt
694 3709 733 3769 ad
754 3710 979 3789 baptizandum,
994 3729 1062 3769 cum
1083 3709 1214 3770 cindalia

104 3815 139 3872 in
166 3809 301 3888 pedibus,
331 3825 384 3865 seu
409 3812 441 3864 et
469 3804 649 3865 subdiaconi
676 3806 763 3863 exuti
796 3806 930 3884 planitas
963 3825 1041 3864 suas.
1093 3804 1213 3866 Deinde

108 3905 263 3982 accipiunt
275 3900 452 3960 subdiaconi
465 3898 599 3958 infantes
616 3904 648 3958 et
668 3896 800 3957 tradunt
820 3897 859 3957 ad
880 3898 1020 3959 diacones
1040 3903 1072 3957 et
1093 3896 1213 3958 diaconi

578 4144 608 4215 (Ι)
628 4160 751 4200 aucense.
