2814 4816
609 368 782 418 srrsrnrx.
1189 350 1253 414 493

144 529 317 607 opiscopus;
352 531 493 591 similiter
520 530 694 604 descendet,
722 539 755 591 et
783 552 844 591 non
871 533 966 604 sedet,
992 531 1044 590 sed
1072 531 1179 590 statim
1207 531 1253 588 in·

144 630 209 682 trat
239 626 273 682 in
301 627 449 685 cancellos
478 626 562 685 intra
590 627 779 699 Anastasius,
814 626 846 686 id
874 634 922 686 est
956 628 1040 686 intra
1068 625 1252 704 speluncam,

146 718 199 776 ubi
225 725 259 776 et
286 726 423 794 mature,
457 727 490 779 et
517 721 589 780 inde
622 721 762 779 similiter
797 721 927 799 primum
962 721 1038 779 iacit
1065 719 1233 779 cretionem
1245 738 1254 790 3

146 811 189 869 sic
216 812 376 873 benedicet
403 814 515 887 fideles,
540 820 574 873 et
600 815 643 873 sic
670 815 775 873 exiens
799 814 837 873 de
865 815 1022 887 cancellos,
1057 813 1198 871 similiter
1226 812 1254 869 ei

148 903 188 962 sd
211 925 333 966 manum
355 908 519 970 acceditur.
563 909 615 968 Ita
635 927 707 986 ergo
726 915 759 968 et
780 907 856 968 hors
875 928 957 968 nona
976 907 1025 980 fit,
1050 907 1142 966 sicuti
1163 912 1197 964 et
1218 904 1257 964 ad

149 1006 246 1058 sexta.

614 1269 640 1327 3.
670 1267 796 1348 Vespera

214 1431 301 1491 Hora
335 1439 438 1492 autem
473 1434 589 1494 decima
622 1434 715 1514 (qnod
745 1437 901 1514 appellant
931 1434 981 1492 hic
1009 1431 1161 1504 ἱίσιήἰοοπ,1
1188 1452 1259 1491 nam

152 1545 208 1584 nos
235 1525 363 1584 dicimus
391 1527 569 1604 lucernam),
598 1531 739 1590 similiter
767 1549 800 1589 se
823 1528 922 1588 omnis
946 1526 1114 1586 multitudo
1138 1525 1261 1603 colliget

152 1617 192 1678 sd
220 1619 407 1694 Anastasim,
436 1622 643 1684 incenduntur
669 1643 773 1685 omnes
801 1621 945 1682 candelae
972 1627 1006 1679 et
1035 1621 1122 1692 cerei,
1156 1625 1190 1678 et
1223 1619 1260 1677 fit

154 1711 257 1771 lumen
280 1713 445 1775 infinitum.
488 1715 606 1775 Lumen
630 1724 733 1777 autern
753 1716 792 1776 de
811 1716 886 1775 foris
906 1732 969 1773 non
990 1713 1125 1785 affertur,
1149 1712 1201 1771 sed
1223 1711 1262 1770 de

153 1805 296 1883 spelunca
325 1807 465 1866 interiori
492 1809 610 1883 eicitur,
639 1811 693 1870 ubi
720 1816 813 1870 noctu
841 1829 877 1867 ac
905 1807 954 1867 die
982 1825 1102 1885 semper
1135 1807 1260 1866 lucerne

154 1897 245 1971 lucet,
273 1899 304 1959 id
332 1907 380 1959 est
408 1901 446 1960 de
473 1903 557 1962 intro
584 1905 740 1967 cancellos.
792 1903 949 1963 Dicuntur
972 1901 1066 1960 etism
1090 1901 1199 1978 psalmi
1220 1900 1264 1959 lu-

156 2011 303 2066 cernares,
332 1995 384 2053 sed
417 2001 449 2054 et
483 1997 669 2075 antiphonae
703 1998 829 2058 diutius.
880 1995 959 2054 Ecce
992 2001 1025 2053 et
1059 2001 1266 2053 commonetur

157 2087 321 2164 episcopus,
349 2095 381 2147 et
409 2088 580 2163 descendet,
608 2098 642 2150 et
670 2091 756 2150 sedet
782 2109 894 2161 susum,
923 2106 979 2146 nec
1010 2106 1073 2147 non
1105 2087 1199 2145 etiam
1233 2093 1267 2145 et

158 2180 321 2256 presbiteri
352 2182 461 2241 sedent
491 2184 563 2242 locis
591 2185 673 2257 suis;
707 2184 853 2244 dicuntur
879 2181 965 2259 ymni
991 2181 1040 2239 vel
1070 2179 1264 2257 antiphonae.

158 2272 202 2331 Et
234 2274 274 2333 ad
308 2275 362 2335 ubi
394 2276 533 2354 perducti
565 2277 682 2337 fuerint
712 2277 805 2355 juxta
832 2273 1092 2346 consuetudinem,
1122 2274 1207 2332 lcbst
1234 2294 1267 2332 se

158 2368 324 2446 episcopus,
351 2376 384 2428 et
411 2376 475 2429 stat
502 2376 576 2430 ante
600 2372 774 2444 cancellum,
800 2369 831 2430 id
856 2377 904 2430 est
928 2375 1001 2427 ante
1026 2368 1208 2446 speluncam,
1234 2375 1267 2426 et

160 2482 240 2521 unns
267 2482 306 2522 ex
330 2463 506 2524 diaconibus
530 2466 607 2526 iacit
630 2465 941 2526 commemorationem
965 2462 1162 2540 singulorum,
1187 2463 1268 2521 sicut

159 2556 238 2615 solet
257 2575 322 2615 esse
341 2558 535 2622 consuetudo.
578 2559 621 2618 Et
642 2559 769 2619 diacono
787 2559 908 2618 dicente
927 2555 1113 2634 singulorum
1135 2555 1267 2628 nomina,

160 2668 277 2727 semper
287 2650 400 2727 pisinni
410 2652 532 2728 plurimi
547 2658 643 2726 stant,
658 2650 875 2731 respondentes
888 2669 1022 2728 semper:
1042 2648 1136 2725 Kyrie
1146 2647 1268 2725 eleyson,

161 2741 241 2820 quod
258 2742 384 2803 dicimus
397 2763 469 2803 nos:
491 2744 631 2805 Miserere
645 2744 778 2818 Domine,
792 2763 919 2822 quorum
933 2761 1020 2802 voces
1034 2742 1172 2802 infinitas
1185 2750 1268 2806 sunt.

162 2836 205 2896 Et
226 2843 261 2895 at
282 2839 335 2897 ubi
357 2837 500 2898 diaconus
522 2839 690 2916 perdixerit
712 2840 814 2899 omnia
835 2857 913 2917 quae
937 2836 1037 2896 dicere
1060 2835 1163 2910 habet,
1188 2837 1270 2897 dicet

162 2931 329 2990 orationem
349 2932 480 3008 primum
502 2934 666 3011 episcopus,
688 2938 720 2992 et
740 2940 808 2992 orst
828 2950 884 3009 pro
902 2930 1053 2993 omnibus:
1075 2935 1108 2989 et
1124 2931 1167 2989 sic
1180 2938 1272 2990 orant

163 3043 275 3097 omnes,
301 3030 366 3083 tam
390 3024 499 3098 fideles,
526 3045 617 3104 quam
642 3034 675 3085 et
696 3024 901 3085 cathecumini
923 3023 1021 3085 simul.
1064 3023 1146 3083 Item
1167 3023 1273 3083 mittet

164 3136 267 3177 vocem
295 3117 438 3178 diaconus
456 3126 502 3201 ut
529 3121 744 3199 unusquisque,
771 3118 920 3198 quomodo
947 3124 1019 3190 stet,
1045 3117 1273 3177 cathecuminus

164 3212 292 3271 inclinet
312 3219 417 3290 caput:
440 3220 472 3272 et
493 3214 536 3273 sic
556 3213 638 3274 dicet
656 3215 813 3292 episcopus
829 3217 915 3271 stans
928 3210 1169 3271 benedictionem
1183 3230 1273 3288 super

166 3305 398 3369 cathecuminos.
442 3307 524 3366 Item
543 3307 580 3366 fit
593 3309 701 3381 oratio,
715 3314 748 3367 et
762 3307 862 3366 denuc
875 3305 981 3363 mittet
994 3303 1140 3363 diacorum
1153 3323 1275 3381 voccm3

166 3405 199 3458 et
220 3405 388 3459 commonet
409 3407 446 3460 ut
466 3401 673 3480 unusquisque
690 3408 777 3461 stans
795 3400 930 3459 fidelium
944 3397 1071 3457 inclinet
1085 3399 1186 3475 capita
1200 3417 1275 3473 sua3

166 3494 242 3551 item
262 3494 423 3554 benedicet
443 3495 547 3556 fideles
567 3497 730 3574 episcopus,
746 3501 779 3554 et
800 3495 843 3554 sio
863 3495 900 3553 fit
919 3493 1011 3552 missa
1031 3492 1188 3555 Annstasi.
1231 3493 1275 3554 Et

167 3587 316 3665 incipient
336 3589 475 3668 episcopo
494 3589 534 3648 ad
554 3609 679 3649 menum
699 3589 840 3650 accedere
861 3588 982 3666 singuli.
1025 3586 1068 3646 Et
1085 3588 1275 3665 postmodum

169 3680 207 3741 de
228 3682 378 3742 Anastasi
398 3703 492 3761 usque
513 3683 553 3743 ad
575 3682 702 3743 Crucem
722 3703 832 3762 ymnus
853 3682 966 3742 dicitnr
976 3700 985 3755 ;
1007 3682 1163 3759 episcopus
1186 3683 1276 3743 simul

170 3781 203 3835 et
222 3777 320 3836 omnis
340 3779 469 3856 populns
491 3779 591 3841 vadet.
634 3778 699 3839 Ubi
720 3798 788 3838 cum
812 3783 992 3854 perventum
1016 3775 1121 3849 luerit,
1146 3775 1277 3853 primum

170 3870 247 3932 lacit
274 3872 450 3946 orationem,
479 3874 553 3933 item
582 3873 739 3934 benedicet
770 3872 1005 3944 cathecuminos,
1041 3871 1114 3929 item
1148 3871 1184 3930 fit
1217 3874 1279 3934 alis

660 4077 668 4109 ¹
684 4078 814 4146 Λυχνικόν.
