2814 4816
674 1332 700 1391 3.

131 1585 194 1629 'rna
215 1585 404 1630 nnnlofflors
429 1586 544 1630 siluit
567 1587 600 1631 lli
623 1587 687 1630 'l'Hll
709 1587 956 1633 snccessurae!
976 1588 1017 1633 ΟΡ
1037 1574 1238 1633 andochius.

134 1805 298 1877 Mennacript
317 1807 370 1861 216
389 1807 421 1862 oi
443 1808 490 1863 the
510 1806 578 1864 Bibi
600 1808 743 1865 Nationale
764 1809 882 1880 (Belide,
901 1810 1016 1879 N0.15)
1036 1811 1068 1866 oi
1082 1810 1129 1867 the
1146 1811 1241 1883 eigbth

206 1896 323 1961 century,
343 1909 374 1945 or
391 1891 421 1946 oi
435 1891 482 1946 the
499 1891 644 1963 beginning
658 1892 689 1947 oi
702 1893 749 1949 the
763 1894 848 1961 cinth,
861 1894 880 1950 f.
894 1895 954 1950 141.
991 1894 1050 1950 The
1065 1895 1195 1966 lengnage
1212 1895 1243 1950 oi

205 1974 260 2029 thia
282 1975 415 2046 fragment
435 1976 465 2038 is.
488 1975 631 2043 donblloss,
645 1977 692 2032 the
711 1977 789 2032 Latin
810 1977 841 2032 oi
855 1977 924 2034 later
945 1978 1128 2050 Merovingian
1150 1978 1240 2035 times.

205 2060 276 2115 Note
288 2059 430 2132 especially
442 2061 488 2116 the
501 2060 684 2134 employment
697 2061 727 2116 oi
735 2061 782 2116 the
794 2079 915 2135 prononn
927 2064 974 2118 ille
985 2062 1026 2116 for
1038 2061 1086 2118 the
1097 2061 1199 2120 article.

336 2304 427 2364 Oeno
448 2303 712 2365 Consncesrronra
732 2306 900 2367 Besinum
920 2306 1041 2368 Novas.

134 2464 174 2525 In
201 2463 306 2542 primis
327 2464 456 2523 veniunt
483 2464 655 2525 sacerdotes
682 2472 715 2525 et
743 2465 841 2525 olerns
868 2484 937 2525 cnm
964 2465 1057 2524 sacris
1084 2463 1241 2527 ordinibus

134 2559 308 2620 anteferes
332 2558 438 2636 templi
459 2559 540 2636 quod
561 2560 802 2620 benedicendum
830 2566 886 2631 est,
908 2566 941 2619 et
961 2559 1120 2620 introeunt
1140 2561 1243 2622 elerici

135 2663 169 2717 et
192 2654 363 2714 sacerdotes
382 2655 466 2713 intra
483 2655 610 2730 januam
630 2655 746 2733 templi
790 2654 831 2713 In
851 2656 917 2731 ipso
937 2654 1069 2713 introitu
1089 2655 1243 2734 incipiunt

134 2751 287 2823 laetania;
321 2756 354 2808 et
387 2750 452 2826 ipss
479 2749 576 2822 finite,
606 2750 736 2828 accipiat
770 2749 928 2827 episcopua
962 2769 1042 2828 eque
1077 2770 1145 2810 cnm
1171 2752 1244 2813 vino

134 2847 233 2905 mixto
266 2850 299 2904 ot
332 2842 493 2903 benedicat
526 2862 586 2916 eos,
614 2850 684 2922 post
711 2843 786 2903 hoec
814 2844 930 2903 inciens
964 2862 1159 2922 compensum·
1188 2865 1243 2924 per

135 2944 233 2997 totam
257 2936 421 2996 ecclesiam.
464 2935 540 2996 Post
560 2936 635 2997 haec
654 2937 808 2997 benedicit
828 2956 903 2996 cem.
947 2936 1028 2996 Nem
1049 2938 1121 2998 illae
1141 2958 1243 3000 cruces

136 3035 185 3094 vel
211 3031 395 3092 candelabre
422 3051 475 3091 son
509 3031 581 3092 illae
608 3033 757 3111 reliquiae
783 3032 858 3091 ioris
887 3037 972 3091 stent
1000 3031 1072 3092 dnm
1100 3033 1244 3094 ultorium

135 3125 335 3187 benedicitur.
379 3122 422 3182 Et
448 3131 519 3202 post
545 3125 788 3187 benediccionem
815 3124 922 3203 templi
948 3126 1060 3185 iterum
1087 3126 1190 3187 clerici
1211 3133 1244 3188 et

136 3220 308 3282 sacerdotes
339 3218 489 3278 accedunt
515 3238 609 3298 prope
643 3220 750 3293 altare,
772 3224 806 3279 et
832 3219 982 3297 incipient
1011 3219 1072 3278 elia
1098 3220 1242 3282 leetania.

138 3316 211 3394 Ipsa
239 3315 337 3385 finita,
365 3312 490 3373 accedat
524 3313 663 3374 sacerdos
689 3320 723 3374 et
749 3314 879 3393 accipiat
906 3314 961 3373 ille
987 3334 1068 3392 aqna
1095 3334 1163 3374 cnm
1190 3316 1244 3377 illo

137 3412 209 3471 vino
242 3409 322 3487 qnod
355 3414 449 3467 antec
481 3408 643 3469 benedixit
675 3414 708 3469 et
735 3416 878 3489 aspergat
906 3409 1052 3468 altarium
1078 3409 1244 3471 secundum

137 3504 334 3565 traditionem
369 3522 465 3576 suam,
499 3507 532 3562 et
565 3503 737 3563 benedicat.
799 3504 872 3582 Ipso
905 3502 1075 3573 benedicto,
1114 3505 1244 3584 occipiat

138 3599 278 3678 chrysma
311 3603 344 3656 et
371 3596 467 3656 iaciat
493 3616 612 3657 crucem
639 3598 673 3657 in
699 3595 799 3657 medio
833 3596 941 3656 altaris
975 3604 1009 3656 et
1042 3615 1096 3674 per
1131 3616 1244 3659 cornua

137 3695 233 3772 ipsine
252 3691 368 3764 alteris,
382 3690 431 3750 vel
449 3690 504 3749 illo
521 3689 586 3750 loco
607 3691 662 3751 nbi
683 3691 829 3768 reliquiae
850 3688 1009 3769 ponendae
1030 3696 1112 3748 eunt.
1156 3690 1243 3750 simi-

138 3787 210 3846 liter
236 3804 290 3863 por
317 3790 417 3843 totum
451 3784 600 3862 templum
626 3784 661 3843 in
687 3785 818 3843 circuitu
845 3783 959 3843 iaciens
987 3802 1090 3843 cruces
1113 3784 1151 3844 de
1178 3785 1245 3863 ipsa

138 3880 286 3958 chrysma
330 3875 404 3936 Post
425 3874 499 3935 haec
523 3875 677 3936 benedicit
698 3877 884 3936 lenteamine
904 3875 952 3935 rel
974 3894 1048 3934 vase
1070 3876 1188 3955 templi,
1211 3885 1245 3939 et

138 3980 208 4051 post
234 3973 309 4031 heec
335 3970 540 4031 revestientnr
567 3971 666 4030 altere
691 3990 745 4031 seu
772 3979 804 4029 et
832 3968 903 4030 vela
929 3970 1039 4048 templi
1065 3968 1244 4049 penduntur

140 4075 172 4127 ot
185 4064 356 4125 accendunt
369 4064 540 4124 luminaria.
582 4063 658 4125 Post
677 4063 752 4125 haec
773 4064 874 4125 omnia
894 4069 1113 4137 consummata,
1127 4064 1248 4125 vadunt

138 4159 309 4219 sacerdotes
330 4177 400 4217 cnm
424 4158 507 4218 omni
528 4157 608 4217 clero
628 4157 712 4231 foria,
737 4158 792 4218 nbi
815 4164 888 4217 sunt
910 4157 982 4218 illee
1005 4156 1161 4237 reliquiae.
1202 4157 1246 4216 Et
