2814 4816
147 404 212 475 470
257 423 628 476 cna1sr1aswoas111a:
651 425 703 475 ars
726 426 843 477 omum
864 428 934 478 min
956 428 1163 484 ructuosos.

147 581 187 642 ed
201 582 383 660 pontificem.
427 583 469 643 Et
483 584 623 662 pontifex
636 585 773 663 baptizet
786 591 917 664 quantos
929 586 1073 649 voluerit.
1118 589 1167 650 Et
1180 598 1268 652 stans

146 677 296 754 presbiter
310 675 392 735 infra
405 676 507 736 fontes
520 677 595 736 fecit
609 697 728 737 crucem
741 677 780 738 de
793 679 858 738 oleo
878 681 1049 743 exorcizato
1068 684 1102 743 in
1117 687 1266 762 vertices,

146 777 288 830 tenentes
312 773 391 848 ipsos
419 771 556 831 infantes
583 771 767 845 subdiaconi,
792 779 825 832 et
848 773 1010 834 reddentes
1035 796 1091 855 per
1114 778 1264 852 ordinem,

147 865 227 922 siout
240 871 431 942 acceperunt.

208 958 327 1016 Deinde
341 959 509 1018 revertitur
523 959 663 1036 pontifex
676 961 710 1019 in
719 961 942 1038 consignatorio
955 969 988 1022 et
998 962 1238 1026 archidiaconus
1246 967 1270 1004 (ὓ

147 1071 215 1110 cum
236 1053 312 1129 ipso,
328 1060 360 1112 et
380 1054 462 1131 ipsae
484 1052 600 1112 faculas
619 1060 693 1113 ante
714 1073 792 1115 eum.
834 1054 877 1113 Et
897 1056 951 1114 alii
967 1055 1089 1116 diaconi
1113 1065 1206 1118 stant
1228 1060 1267 1119 ad

147 1145 373 1222 baptizandum.
418 1146 460 1204 Et
481 1149 657 1206 vestiuntur
676 1147 814 1206 infantes
834 1149 875 1206 ab
895 1149 967 1227 ipsis
988 1151 1042 1228 qui
1062 1162 1267 1231 susceperunt

146 1261 196 1300 eos
210 1241 248 1300 de
261 1242 356 1314 fonte,
371 1247 404 1301 et
417 1243 476 1319 ipsi
491 1249 618 1321 portant
637 1262 687 1302 eos
707 1244 741 1302 in
762 1245 1030 1321 consignatorium,
1045 1252 1078 1305 et
1100 1253 1194 1307 stent
1212 1269 1266 1326 per

145 1334 290 1408 ordinem,
311 1336 438 1394 masculi
462 1337 496 1394 in
517 1335 628 1395 dextra
652 1343 739 1414 parte
763 1343 796 1396 et
823 1337 954 1397 feminee
976 1341 1010 1398 in
1037 1341 1179 1401 sinistra.
1223 1343 1265 1401 Et

145 1429 244 1505 surgit
265 1428 403 1507 pontifex
427 1450 445 1487 a
469 1430 539 1489 sede
567 1430 605 1490 de
631 1432 856 1509 consignatorio
882 1438 915 1492 et
940 1432 1028 1493 vadit
1054 1435 1089 1493 in
1119 1435 1264 1496 dextram

145 1528 264 1600 partem
292 1523 503 1595 masculorum,
533 1523 661 1584 dicendo
694 1526 865 1585 oracionem
899 1531 932 1585 et
965 1526 1127 1605 tangendo
1163 1533 1265 1608 eapite

145 1618 278 1694 ipsorum
306 1617 345 1676 de
372 1638 486 1694 manu;
518 1619 659 1678 similiter
693 1626 726 1678 et
760 1618 799 1679 ad
828 1618 967 1682 feminas.
1022 1621 1152 1682 Deinde
1178 1626 1264 1683 venit

144 1711 346 1771 subdiaconus
373 1733 442 1772 cum
464 1714 575 1772 crisme
605 1714 639 1771 in
661 1732 733 1772 vase
756 1719 923 1791 ergenteo3
943 1720 1007 1774 stet
1035 1714 1076 1774 ed
1100 1716 1263 1777 dexteram

144 1807 297 1883 pontificis
319 1813 352 1865 et
372 1806 513 1885 pontifex
527 1808 656 1866 revertit
669 1806 710 1866 ed
724 1808 860 1867 infantes
873 1808 988 1886 priores
1001 1814 1034 1868 et
1047 1809 1130 1869 fecit
1144 1831 1262 1872 macena

145 1901 184 1960 de
198 1902 307 1961 crisme
326 1921 394 1961 cum
415 1903 511 1980 police
531 1904 566 1962 in
585 1902 739 1962 frontibus
759 1903 902 1980 ipsorum,
916 1901 1065 1966 dicendo:
1086 1901 1130 1966 In
1150 1909 1263 1967 nomiae

146 1993 248 2054 Patris
276 2003 304 2056 et
331 1994 406 2055 Filii
434 2004 462 2055 et
483 1995 610 2075 Spirilm
637 1995 740 2068 suaet,
762 2015 828 2074 pau
858 1995 918 2055 ete
968 1995 1120 2056 Similiter
1156 2007 1190 2059 et
1224 2000 1262 2060 ed

145 2089 283 2149 feminee.

206 2183 328 2244 Deinde
361 2185 528 2244 revertitur
559 2182 698 2263 pontifex
732 2183 767 2242 in
800 2184 965 2243 sacrarium
998 2186 1052 2263 qui
1085 2193 1139 2246 est
1170 2189 1262 2266 juxte

145 2278 298 2351 thronum,
320 2284 353 2338 et
373 2280 455 2357 ipses
477 2277 595 2337 faculas
613 2283 687 2336 ente
708 2278 817 2356 ipsam.
860 2277 903 2337 Et
925 2285 991 2338 stat
1012 2298 1095 2339 unus
1117 2280 1160 2342 de
1180 2284 1262 2342 scole

145 2381 219 2433 ante
245 2394 314 2433 eum
326 2396 334 2450 3
356 2379 389 2433 et
412 2372 484 2433 dum
507 2373 535 2432 ei
556 2371 714 2450 placuerit,
740 2371 836 2436 dicit:
865 2371 987 2436 Intrate.
1038 2373 1081 2434 Et
1111 2376 1261 2437 inchoent

145 2469 261 2527 letania
273 2468 330 2528 hoc
342 2467 456 2540 ordine,
472 2466 564 2526 idest
577 2468 675 2545 prime
689 2465 764 2526 VII.
780 2466 897 2526 vicibus
910 2473 1061 2545 repetent.
1098 2468 1258 2546 Similiter,

27 2541 33 2553 ’
144 2561 228 2621 facto
254 2561 425 2634 intervallo,
454 2559 526 2620 dum
548 2560 675 2638 jusserit
700 2559 851 2639 pontifex,
875 2559 983 2621 dicunt
1009 2562 1108 2622 tertia
1132 2564 1260 2640 letania,

145 2665 195 2716 ter
219 2663 370 2735 repetent.
413 2655 456 2713 Et
480 2653 554 2713 dam
574 2654 710 2714 dixerint
729 2654 831 2732 Apate
851 2652 920 2728 Dei,
941 2655 1099 2734 egreditur
1118 2659 1261 2737 pontifex

145 2751 185 2810 de
205 2753 336 2811 sacrario
355 2757 388 2810 et
408 2749 528 2809 diaconi
549 2769 617 2808 cum
638 2749 711 2828 ipso,
730 2748 801 2809 hinc
825 2756 858 2809 et
879 2750 960 2821 inde,
982 2757 1015 2811 et
1036 2751 1119 2812 duae
1140 2752 1261 2816 faculae

145 2853 219 2906 ente
239 2865 308 2905 eum
328 2851 492 2923 portentur
512 2844 552 2902 ab
572 2845 616 2903 eis
637 2846 689 2921 qui
706 2863 757 2904 eas
777 2850 980 2922 portaverant
997 2844 1038 2904 ad
1057 2845 1172 2909 fontes
1218 2850 1261 2911 lit

146 2942 271 3000 veniens
293 2946 365 2998 ente
388 2940 494 3011 altere,
510 2944 576 2996 stet
596 2939 745 2997 inclinato
769 2939 878 3016 capite,
899 2958 994 3017 usqae
1012 2938 1086 2999 dum
1112 2951 1260 3020 repetunt

147 3033 238 3110 Kyrie
271 3032 398 3104 eleison3
426 3037 459 3090 et
486 3030 642 3090 osculetur
669 3031 767 3089 altere
794 3037 826 3091 et
853 3029 974 3091 diaconi
1005 3031 1159 3107 similiter,
1187 3036 1261 3096 hinc

145 3135 178 3187 et
200 3127 279 3186 inde.
323 3125 445 3184 Deinde
466 3124 595 3183 revertit
617 3123 656 3182 ed
681 3123 782 3184 sedem
810 3143 903 3197 suam,
931 3130 964 3183 et
991 3123 1051 3202 ipsi
1076 3125 1260 3188 subdiaconi

146 3222 307 3299 regionarii
321 3224 431 3279 tenent
445 3219 526 3296 ipses
539 3217 656 3276 faculas
675 3223 757 3277 retro
779 3218 887 3290 altare,
902 3217 1012 3276 dextre
1032 3217 1170 3297 levaque
1216 3221 1259 3281 Et

145 3318 221 3376 dicit
234 3314 373 3394 pontifex
389 3312 493 3373 Gloria
505 3311 537 3369 ia
551 3310 670 3370 eccelsia
683 3310 757 3373 Deo.
799 3310 943 3388 Sequitur
955 3310 1063 3383 oratio,
1076 3309 1153 3370 inde
1165 3312 1260 3375 lectio

145 3420 177 3471 et
201 3410 340 3483 Alleluia,
372 3405 549 3485 Confitemine'
573 3404 696 3464 Domino
720 3411 753 3463 et
779 3411 898 3463 tractus
924 3402 1060 3463 Laudato
1088 3403 1257 3468 Dominae

145 3507 188 3566 Et
204 3508 270 3584 ipse
293 3508 383 3562 nocte
404 3521 467 3561 non
487 3498 593 3577 psallit
613 3499 801 3558 offertorium
821 3517 877 3557 nec
895 3496 996 3574 Aquas
1014 3495 1074 3557 Dei
1096 3517 1156 3558 nec
1176 3503 1260 3561 anti-

143 3597 246 3674 phone
269 3595 309 3654 ed
333 3593 579 3654 communionem.
622 3591 664 3650 Et
687 3591 889 3650 eommunicet
912 3589 1010 3649 omnis
1033 3590 1176 3667 populus,
1204 3613 1258 3654 esu

143 3697 176 3748 et
200 3691 334 3748 infantes
357 3689 410 3766 qui
431 3687 465 3744 in
487 3686 553 3762 ipsa
574 3690 664 3745 nocte
681 3683 831 3761 baptisati
848 3689 932 3755 sunt,
948 3681 1089 3741 similiter
1109 3702 1210 3763 usqne
1226 3689 1259 3746 in

143 3789 267 3840 octavae
281 3779 418 3858 paschae.

210 3876 282 3953 Ipsa
305 3880 402 3946 noete,
427 3889 531 3932 omnes
557 3870 718 3950 presbiteri
741 3868 910 3928 cardinales
933 3885 996 3928 non
1016 3866 1060 3926 ibi
1080 3873 1184 3944 mant,
1207 3870 1261 3931 sed

550 4114 581 4184 (i)
600 4112 789 4170 musaeu.
