2814 4816
143 413 207 480 426
252 433 432 484 ouoisriiii
453 432 623 483 ueremi:
646 432 698 481 ios
720 431 836 483 ouioiu
860 430 929 480 iiiiii
951 427 1151 479 ivouuuiou.

144 592 349 673 Francorum,
378 594 484 661 which
513 592 659 661 contains
688 589 871 657 omixture
900 589 936 656 oi
962 588 1019 655 the
1047 594 1114 654 two
1144 585 1255 662 forms,

144 698 209 762 and
238 698 319 766 with
356 698 412 765 the
448 697 577 766 Miooolo
614 695 819 764 dulcorem
864 695 967 760 Volui.
1024 693 1094 759 The
1130 690 1255 758 service

143 801 246 889 begon
261 805 342 870 with
357 825 511 891 aproyer,
525 802 682 891 preceded
696 801 742 887 by
756 801 800 868 its
814 797 1079 886 invitatory12-

199 1084 341 1156 l'oventes‚
353 1083 517 1142 dilectissimi
528 1085 646 1156 hames,
658 1085 700 1141 liis
711 1083 853 1141 virtutibus
870 1101 936 1156 quae
953 1086 1090 1155 proestare
1107 1097 1257 1154 paucorum

145 1173 193 1235 est,
219 1168 307 1224 Deum
336 1186 443 1241 semper
470 1167 615 1241 pudicitiae
645 1168 826 1240 cuiatisque
856 1165 995 1224 custodem
1024 1164 1146 1237 ocoeptis
1169 1164 1257 1220 eidem

145 1249 270 1322 precibus
294 1268 410 1323 oremus,
433 1257 465 1308 ut
488 1252 557 1308 hono
579 1250 708 1308 famulam
732 1269 809 1308 suam
833 1249 956 1306 omnibus
985 1247 1086 1305 saeculi
1114 1247 1259 1304 inlecebris

146 1329 260 1390 bberam
284 1333 433 1389 cornahbus
456 1351 488 1390 oc
512 1334 606 1408 spiritu
630 1333 769 1406 integram,
796 1333 878 1405 Regis
903 1332 1005 1389 oeterni
1028 1331 1152 1388 thdamo
1177 1349 1260 1387 reser-

146 1414 262 1471 vandam
280 1416 373 1473 oddita
390 1417 513 1474 coelestis
530 1417 657 1489 propositi
675 1417 775 1474 virtute
792 1417 954 1487 corroboret,
967 1423 997 1472 et
1011 1415 1046 1472 od
1058 1414 1259 1488 sexagesimum

146 1495 264 1554 fructum
275 1517 356 1571 quein
373 1501 479 1574 propria
497 1501 641 1557 devotione
659 1502 806 1575 praesumit
823 1501 906 1557 addet
922 1519 972 1557 sua
988 1499 1153 1557 liberalitate
1170 1507 1261 1558 cente

147 1597 254 1640 simum.

201 1664 328 1722 Omnium
357 1666 466 1739 quidem
495 1667 605 1725 laudum
628 1675 709 1741 atque
733 1668 864 1724 vimulum
887 1667 935 1724 md
959 1667 1102 1741 praecipue
1127 1666 1262 1724 mutetis

148 1749 275 1820 adsertor,
284 1758 382 1821 custos,
392 1751 542 1822 auxiliator,
552 1754 662 1809 effector
670 1752 774 1808 dicatos
786 1751 836 1807 tibi
848 1751 875 1806 in
884 1752 984 1807 sanctis
992 1751 1151 1825 cerpoiibus
1163 1752 1262 1825 pariter

149 1850 181 1889 oc
199 1834 334 1891 mentibus
351 1837 491 1908 puritatis;
509 1837 555 1909 qui
573 1836 754 1908 virginitatem
771 1835 832 1891 ideo
850 1835 911 1908 plus
928 1834 1039 1890 intueris
1051 1842 1081 1891 ct
1091 1835 1184 1907 diligis
1201 1835 1262 1908 quia

149 1917 198 1974 tibi
216 1919 290 1990 origo
303 1919 456 1992 virginitas3
474 1920 571 1992 quique
590 1920 617 1975 in
629 1921 702 1976 hunc
719 1920 851 1976 mundum
868 1926 948 1976 natus
960 1938 995 1976 ex
1007 1919 1110 1990 virgine
1121 1919 1153 1975 id
1165 1919 1194 1975 in
1205 1919 1263 1975 aliis

149 2002 247 2075 probes
257 2003 329 2075 quod
342 2002 370 2058 in
382 2010 466 2060 matre
479 2003 589 2075 elegisti,
603 2011 683 2077 atque
694 2004 762 2060 adeo
774 2004 910 2077 aptissime
926 2004 975 2060 tibi
992 2020 1091 2076 epoueo
1103 2003 1165 2059 viro
1184 2021 1261 2076 spon-

150 2103 208 2141 sam
233 2087 363 2159 virginem
387 2086 555 2157 dedicemus3
583 2094 623 2159 tu,
644 2087 767 2157 Domine,
792 2087 880 2144 tribue
899 2087 969 2143 hano
993 2085 1100 2159 puellae
1116 2087 1181 2159 joui
1200 2093 1262 2142 tuse

150 2186 256 2242 semper
268 2170 411 2242 optabilem
426 2188 524 2244 magno
541 2171 677 2246 proposito
695 2171 927 2244 perseveranb‘sm,
940 2177 969 2227 et
979 2176 1073 2226 contra
1091 2169 1265 2226 multiformis

150 2254 251 2312 inimici
262 2255 390 2312 inotoiitiu
402 2255 526 2329 spiritum
534 2257 668 2329 agitantes
679 2255 787 2312 insidias
798 2255 959 2312 indeflexum
971 2255 1264 2328 inexpugnabilemque

151 2341 337 2408 constantiam,
360 2346 391 2397 ut
409 2339 458 2397 tibi
476 2339 573 2398 debeat
593 2339 822 2397 consummatione
839 2357 908 2412 quoe
921 2339 980 2413 jam
997 2345 1060 2397 ante
1078 2339 1179 2397 babuit
1196 2339 1265 2397 boni

152 2421 297 2480 voluntate.

217 2701 310 2769 Thon
332 2722 423 2769 came
443 2701 501 2769 the
522 2701 635 2789 giving
656 2701 692 2768 oi
710 2701 768 2768 the
788 2700 865 2782 veil,
887 2700 1115 2788 ocoomponied
1138 2701 1187 2789 by
1209 2702 1265 2770 tbe

154 2807 359 2876 benediction
371 2829 425 2874 :-

206 3052 317 3127 Accipe
326 3050 422 3126 puello,
433 3051 551 3126 pallium,
559 3049 632 3124 quod
644 3048 761 3124 perferas
772 3048 830 3104 siue
842 3047 948 3105 macula
958 3053 1022 3105 aute
1033 3048 1152 3107 tibunal
1165 3051 1267 3110 domini

155 3140 238 3196 nostri
256 3139 325 3196 Jesu
343 3138 451 3207 Christi,
470 3137 514 3194 cui
534 3135 618 3192 flectit
637 3152 716 3192 omne
739 3151 809 3206 genu
830 3131 984 3190 caelestium
1003 3139 1033 3190 et
1051 3137 1219 3194 temcsuium
1240 3143 1269 3194 et

156 3223 327 3281 infernorum.

211 3308 358 3364 Benedicat
375 3312 404 3362 te
418 3306 540 3363 conditor
558 3303 625 3361 coeli
641 3311 669 3360 et
687 3309 780 3370 terrae,
792 3303 866 3359 Deus
884 3302 965 3359 Potor
984 3303 1163 3376 omnipotens,
1176 3305 1224 3378 qui
1241 3311 1269 3363 te

157 3393 253 3464 eligere
271 3393 395 3464 diguatus
407 3398 449 3448 est
463 3392 499 3447 ad
515 3392 599 3447 instar
615 3396 724 3446 sanctem
743 3388 844 3444 Marios
862 3388 954 3443 matris
972 3388 1079 3444 Domini
1096 3390 1185 3445 nostri
1202 3391 1269 3446 desa

158 3477 256 3533 Christi
267 3477 303 3532 od
314 3477 445 3548 integrum
457 3482 486 3531 et
497 3473 697 3530 immsculatom
710 3472 899 3543 virginitatem,
910 3489 990 3544 quain
1003 3472 1120 3544 professa
1133 3490 1166 3530 es
1178 3490 1269 3530 coram

157 3561 216 3617 Deo
234 3568 263 3618 et
279 3561 381 3632 angelis
398 3558 506 3615 eunctis.
542 3557 645 3613 Idcirco
664 3574 742 3612 serva
762 3556 934 3629 propositum,
953 3573 1031 3612 serva
1048 3557 1204 3614 eastimtem
1222 3576 1270 3632 per

157 3645 323 3718 potientium,
336 3650 367 3700 ut
378 3659 504 3700 coronam
521 3639 680 3713 virginitmb
696 3646 760 3696 tuae
777 3641 898 3712 accipere
916 3639 1049 3697 merearis
1086 3639 1169 3698 Nunc
1187 3658 1271 3698 exoro

209 3924 217 3955 ¹
233 3925 249 3975 1
265 3924 326 3988 gire
342 3921 404 3973 here
419 3921 466 3973 the
482 3918 623 3984 formulary
639 3918 668 3969 oi
681 3917 728 3969 the
743 3916 848 3969 Misiole
864 3917 1028 3970 oudinum
1041 3916 1123 3980 Voss,
1132 3917 1274 3985 binium,

160 4002 209 4055 rol.
221 4002 249 4052 ii.
261 4016 285 4066 p.
297 4001 354 4052 701.
387 3998 420 4050 In
435 3998 482 4050 the
499 3996 603 4048 ilionis
621 3995 777 4048 Francorum
792 3995 877 4060 (ibid,
891 4011 916 4061 p.
928 3996 989 4060 673)
1004 3996 1051 4048 the
1068 3996 1171 4048 Roman
1189 4014 1273 4051 urion

160 4079 228 4132 nen
244 4082 368 4130 soimeri
385 4077 409 4128 io
425 4073 553 4143 preceded
573 4073 608 4140 by
623 4089 641 4124 a
661 4073 803 4138 formulary
818 4073 849 4124 oi
865 4073 965 4125 similer
985 4073 1087 4138 impert.
1103 4072 1153 4126 bnt
1172 4073 1275 4143 bnving

161 4157 206 4209 the
218 4156 359 4220 iuvitatory
371 4152 463 4220 placed
473 4152 542 4204 alter
553 4151 599 4202 the
610 4166 709 4217 prayer.
