2806 4822
139 386 203 455 522
247 405 426 455 cnmsrrau
449 400 619 454 woasmr:
642 399 833 454 macarem
856 403 925 454 ann
948 404 1158 454 monumen.

142 564 343 636 memorabile,
357 570 393 624 ut
413 582 531 641 semper
551 570 616 622 tam
636 562 721 640 ymni
734 583 827 640 quam
840 563 1033 642 antiphonae
1047 571 1083 624 et
1103 562 1259 633 lectiones,

142 678 198 718 uec
211 678 273 718 non
287 658 380 719 etiam
393 665 426 718 et
438 659 593 718 crationes
605 677 681 736 quas
693 657 777 717 dicet
795 659 962 737 episcopus,
976 659 1062 718 tales
1082 656 1262 736 pronuntia

143 754 242 814 tiones
261 754 405 827 habeant,
420 760 457 813 nt
475 760 509 813 et
527 753 589 813 diei
605 754 659 830 qui
677 753 862 827 celebratur,
875 760 909 814 et
925 753 993 814 loco
1013 753 1052 813 in
1065 771 1132 832 quo
1150 753 1261 831 agitur,

144 855 235 926 aptae
248 854 281 908 et
294 849 509 910 convenientes
522 854 597 908 sunt
611 866 735 925 semper.

655 1221 753 1285 VIIL

466 1389 666 1447 Danrcamou
687 1404 726 1448 or
747 1386 929 1450 caracara

208 1550 289 1610 Item
317 1549 382 1611 dies
409 1549 613 1611 Enceniarum
633 1552 834 1630 appellantur,
857 1551 979 1630 quando
1003 1558 1121 1611 sancta
1142 1552 1267 1611 ecclesia

148 1662 227 1720 quae
247 1644 281 1701 in
302 1643 455 1721 Golgotha
476 1651 532 1716 est,
553 1664 645 1723 quam
666 1644 852 1722 Martyrium
873 1650 993 1716 vocant,
1017 1652 1205 1703 consecrata
1224 1649 1268 1702 est

149 1737 224 1810 Deo,
240 1736 294 1796 sed
314 1745 347 1797 et
367 1747 473 1797 sancta
494 1740 629 1811 ecclesia,
644 1757 722 1817 quae
741 1746 789 1797 est
809 1737 848 1797 ad
868 1738 1034 1811 Anastase,
1050 1739 1083 1797 id
1107 1744 1160 1798 est
1181 1739 1215 1797 in
1234 1755 1268 1795 eo

149 1833 214 1893 loco
241 1834 295 1893 ubi
322 1833 471 1893 Dominus
498 1834 667 1893 resurrexit
694 1839 764 1911 post
788 1832 967 1910 passionem,
994 1851 1034 1892 ea
1062 1831 1116 1892 die
1145 1838 1180 1891 et
1206 1832 1267 1908 ipsa

149 1934 325 1988 consecrata
340 1934 388 1987 est
402 1929 477 1987 Dec.
521 1927 642 1986 Harum
656 1946 728 2004 ergo
740 1926 933 1986 ecclesiarum
946 1931 1129 1984 sanctarum
1144 1925 1267 1985 encenia

149 2040 218 2079 cum
238 2039 355 2080 summo
374 2020 487 2079 honore
507 2020 709 2092 celebrantur,
724 2020 866 2098 quoniam
887 2037 963 2077 crux
984 2018 1117 2078 Domini
1139 2020 1266 2077 inventa

149 2122 197 2175 cat
217 2116 284 2194 ipsa
304 2115 361 2175 die.
405 2115 448 2173 Et
468 2113 536 2174 ideo
549 2121 674 2192 propter
687 2114 744 2173 hoc
764 2114 811 2171 ita
824 2111 1000 2173 ordinatum
1013 2118 1073 2185 est,
1088 2119 1130 2171 ut
1145 2110 1266 2191 qnando

150 2210 282 2287 primum
302 2217 409 2268 sancta
435 2211 579 2269 ecclesiae
606 2210 829 2286 suprascriptae
847 2208 1115 2281 consecrabantur,
1140 2227 1179 2266 ea
1204 2206 1267 2265 dies

151 2310 314 2380 essetque
334 2323 410 2362 crux
428 2301 553 2362 Domini
573 2303 676 2362 iuerat
703 2303 839 2374 inventa,
860 2307 898 2360 nt
919 2300 1009 2360 simul
1031 2303 1118 2360 omni
1147 2301 1266 2359 laetitia

152 2396 258 2456 eadem
271 2397 321 2455 die
335 2398 570 2456 celebrarentur.
614 2397 656 2455 Et
675 2397 731 2456 hoc
744 2417 799 2475 per
812 2397 986 2474 Scripturas
999 2396 1174 2468 invenitur,
1188 2393 1266 2473 qnod

151 2511 188 2550 ea
201 2491 266 2550 dies
280 2493 321 2550 sit
329 2492 529 2564 enceniatum,
540 2511 602 2569 qua
614 2497 648 2549 et
661 2498 785 2550 sanctus
795 2490 944 2562 Salomon,
957 2495 1174 2548 consummata
1180 2489 1267 2549 domo

152 2585 212 2645 Dei
232 2606 323 2664 quam
343 2585 546 2656 edificaverat,
568 2587 692 2646 steterit
719 2593 794 2646 ante
814 2586 958 2645 altarium
982 2585 1045 2643 Dei
1064 2590 1099 2644 et
1120 2587 1265 2657 oraverit,

153 2681 232 2738 sicut
246 2682 394 2757 scriptmn
408 2688 455 2740 est
469 2683 503 2739 in
516 2682 603 2740 libris
616 2680 877 2759 Paralipomenon

215 2772 261 2832 Hi
288 2793 359 2851 ergo
386 2774 450 2833 dies
485 2775 688 2835 Enceniarum
713 2795 781 2836 cum
808 2776 959 2847 venerint,
988 2781 1058 2834 octo
1083 2772 1199 2834 diebus
1225 2780 1268 2832 at

153 2868 333 2928 tenduntur.
389 2868 471 2927 Nam
499 2876 572 2928 ante
605 2870 751 2947 plurimos
777 2868 842 2929 dies
876 2869 1028 2946 incipiunt
1063 2887 1096 2927 se
1132 2868 1268 2946 undique

153 2961 293 3038 colligere
304 2981 313 3035 ;
340 2962 394 3021 ubi
413 2983 476 3022 non
496 2964 592 3021 solum
613 2963 828 3023 monachorum
841 2964 891 3022 vel
906 2961 1210 3044 [apot]acticorum‘⁰
1230 2962 1267 3021 de

155 3057 282 3115 diversis
301 3057 472 3133 provinciis,
488 3057 520 3115 id
539 3062 587 3114 est
608 3063 671 3115 tam
685 3056 724 3116 de
738 3058 959 3134 Mesopotamia
972 3057 1022 3115 vel
1043 3055 1143 3134 Syria,
1160 3056 1211 3115 vel
1231 3055 1268 3115 de

156 3149 278 3228 Egypto
304 3157 359 3210 aut
387 3149 550 3224 Thebaida,
578 3150 631 3209 ubi
664 3151 788 3228 plurimi
815 3155 1009 3211 monazontes
1037 3159 1122 3224 sunt,
1151 3149 1208 3209 sed
1236 3157 1267 3210 et

156 3238 194 3299 de
208 3239 336 3301 diversis
350 3243 490 3302 omnibus
503 3243 577 3302 locis
591 3244 640 3302 vel
653 3244 834 3322 provinciis3
854 3244 957 3304 nullus
970 3249 1018 3302 est
1039 3243 1122 3303 enim
1138 3245 1194 3322 qui
1208 3264 1269 3302 non

155 3353 187 3393 se
201 3335 307 3394 eadem
328 3336 377 3395 die
397 3338 431 3395 in
451 3337 635 3397 Jerusolima
654 3337 763 3397 tendat
780 3337 820 3396 ad
840 3344 961 3397 tantam
982 3337 1134 3396 laetitiam
1149 3344 1183 3396 et
1204 3344 1268 3397 tam

155 3430 346 3517 honorabiles
366 3434 430 3493 dies
440 3454 449 3508 ;
470 3435 620 3493 seculares
639 3442 743 3494 autem
764 3442 828 3494 tam
842 3436 901 3494 viri
921 3454 1012 3513 quam
1031 3435 1167 3493 feminae
1186 3435 1271 3494 fideli

156 3531 257 3589 animo
271 3538 396 3609 propter
408 3531 488 3590 diem
503 3539 643 3591 sanctum
658 3533 798 3593 similiter
812 3553 845 3593 se
858 3553 897 3593 ex
907 3532 936 3572 ‘¹⁰
949 3532 1090 3592 omnibns
1103 3533 1271 3609 provinciis

157 3626 275 3685 hisdem
302 3628 409 3688 diebus
433 3628 617 3688 Jerusolima
644 3630 801 3707 colligunt.
843 3630 984 3709 Episcopi
1011 3634 1125 3702 autem,
1147 3629 1272 3707 qnando

158 3723 245 3798 parvi
269 3722 394 3794 fuerint,
420 3722 535 3782 hisdem
560 3721 667 3781 diebus
685 3723 870 3783 Jerusolima
890 3725 960 3802 plus
983 3722 1196 3801 quadraginta
1217 3730 1273 3783 aut

159 3815 384 3893 quinquaginta
405 3824 499 3888 sunt;
527 3823 649 3875 etcum
670 3817 732 3876 illia
746 3820 877 3878 veniunt
893 3818 985 3878 multi
1005 3817 1107 3878 clerici
1129 3818 1189 3878 sui.
1232 3818 1275 3877 Et

601 4052 637 4124 (i)
655 4053 737 4109 actito
748 4056 803 4109 eod.

597 4138 643 4208 (ii)
654 4137 702 4193 sed
713 4143 741 4192 et
753 4140 808 4193 cod.
