2814 4816
463 374 528 422 TllE
550 373 714 424 eunucus
737 374 833 425 MASS.

505 673 663 714 rhammo
680 673 791 714 ussus.

147 809 352 868 Sacrosanctnm
381 811 477 869 beatae
507 812 662 868 Nativitatis
685 811 766 879 diem,
790 811 902 882 inquo,
927 816 1053 866 nascente
1077 811 1203 880 Domino,

92 892 229 964 virginalis
246 894 315 950 uteri
332 912 431 950 arcana
449 894 541 950 laxata
557 901 629 962 sunt,
641 894 907 965 incorruptorumque
924 893 1081 963 genitalium
1098 893 1203 966 pondus

91 978 191 1034 saeculi
209 978 333 1035 levamen
354 977 466 1035 effusum
487 983 538 1047 est,
558 977 628 1033 sicin
644 976 832 1048 exoptavimus
851 976 921 1032 votis
940 977 979 1032 ita
997 993 1156 1032 veneremur
1175 983 1204 1033 st

91 1063 205 1133 gaudiis.
242 1063 296 1120 Hic
316 1080 431 1134 namque
451 1068 524 1118 ortus
543 1061 588 1117 dis
606 1060 777 1133 splendidior,
798 1059 858 1115 luce
878 1060 1059 1117 coruscantior
1081 1065 1130 1117 est
1168 1061 1201 1117 ln

93 1147 146 1202 hoc
169 1147 379 1219 omnipotentem
409 1147 497 1202 Deum
526 1146 572 1217 qui
602 1152 737 1201 tsrrsuam
760 1144 933 1216 fragilemque
957 1144 1097 1200 materiam
1121 1161 1203 1202 causa

92 1236 200 1287 nostrae
229 1229 420 1303 redemptionis
443 1227 600 1300 adsumpsit,
624 1227 733 1282 Fratres
756 1226 928 1296 dilectissimi,
952 1227 1085 1300 supplices
1109 1229 1201 1301 depre-

93 1330 193 1382 cemur,
217 1313 256 1369 uti
280 1331 337 1382 nos,
361 1330 428 1385 quos
455 1318 516 1368 ortu
546 1312 663 1384 corporis
685 1310 814 1378 visitavit,
837 1310 965 1366 societate
989 1312 1201 1367 conversationis

93 1398 207 1468 edocuit,
229 1403 373 1471 praecepto
396 1395 598 1469 praedicationis
619 1393 741 1460 instituit
762 1394 947 1464 degustatione
967 1394 1060 1450 mortis
1080 1394 1203 1462 redemit,

93 1479 295 1552 participatione
312 1477 405 1534 mortis
421 1477 562 1548 amplexus
580 1482 628 1546 est,
641 1475 724 1530 divini
743 1474 857 1547 Spiritus
874 1474 1007 1530 intimione
1026 1475 1131 1544 ditavit,
1149 1477 1200 1532 sub

93 1568 222 1634 perpetus
245 1562 386 1618 devotione
410 1561 558 1628 custodiat3
589 1566 618 1616 et
640 1559 669 1615 in
692 1559 736 1614 his
759 1558 831 1614 beati
854 1558 998 1615 famulatus
1021 1560 1118 1616 studiis
1142 1579 1201 1633 per-

93 1663 202 1702 manare
222 1645 354 1702 concedat
371 1645 416 1718 qui
433 1662 495 1701 cum
513 1645 593 1700 Patre
609 1648 638 1699 st
656 1641 755 1714 Spiritu
771 1642 872 1699 Sancto
883 1642 953 1699 vivit
970 1648 999 1698 et
1016 1650 1111 1716 regnat
1128 1645 1203 1700 Deus

94 1728 123 1782 in
135 1728 242 1785 saecula
253 1728 429 1786 saeculorum.

493 2010 646 2052 couttcno
663 2009 812 2058 nonnus.

148 2144 231 2212 Dans,
250 2145 296 2216 qni
316 2143 392 2200 dives
410 2161 440 2199 ss
461 2142 489 2198 in
509 2141 698 2212 misericordia,
716 2159 770 2213 qua
791 2148 910 2200 mortuos
931 2159 981 2199 nos
1001 2145 1120 2217 peccetis
1138 2162 1203 2202 cou-

95 2227 236 2283 vivificasti
248 2227 353 2284 Christo
366 2226 421 2283 filio
432 2234 488 2294 tuo,
502 2233 533 2283 ut
545 2226 657 2282 formum
669 2227 741 2282 servi
759 2227 893 2298 acciperet
904 2228 951 2299 qui
964 2228 1055 2284 omnia
1068 2230 1204 2299 formavit,

95 2313 127 2366 ιιι
142 2311 187 2382 qui
201 2316 259 2366 erat
275 2310 302 2365 in
318 2310 420 2366 deitate
436 2314 610 2380 generaretur
626 2309 654 2364 in
668 2327 757 2376 carue,
770 2314 800 2363 ut
811 2309 993 2366 involveretur
1005 2311 1033 2366 in
1046 2313 1143 2384 pannis
1154 2313 1202 2384 qui

96 2393 258 2448 adorabatur
275 2393 303 2447 in
321 2392 412 2458 stellis,
430 2399 463 2448 ut
475 2392 580 2465 jaceret
597 2392 625 2447 in
642 2391 780 2465 praesepio
798 2392 845 2463 qui
862 2393 990 2463 regnabat
1008 2394 1035 2448 in
1054 2394 1144 2464 caelo;
1162 2397 1203 2451 in-

95 2477 254 2533 vocantibus
271 2477 348 2533 nobis
364 2494 456 2532 aurem
476 2476 623 2548 majestatis
638 2483 701 2531 tuae
720 2468 878 2547 propitiatus
896 2475 1081 2548 adcommoda,
1099 2478 1203 2535 donans

95 2562 146 2617 hoc
164 2579 212 2632 per
229 2561 390 2617 ineffabilem
408 2567 470 2616 tuae
491 2559 685 2615 misericordiae
697 2560 847 2627 mritatcm,
857 2567 889 2616 ut
905 2561 953 2632 qui
970 2560 1151 2618 exultavimus
1169 2563 1204 2618 de

95 2645 234 2701 nativitate
255 2644 317 2700 Filii
338 2645 386 2713 tui,
405 2644 451 2717 qui
471 2644 514 2700 vel
535 2661 571 2699 ex
592 2643 694 2714 virgine
713 2650 792 2698 uatus
811 2644 854 2699 vel
874 2661 909 2699 ex
928 2644 1027 2717 Spiritu
1046 2652 1140 2701 sancto
1161 2665 1203 2703 rs·

96 2735 241 2800 generatus
260 2736 310 2797 est,
323 2745 463 2800 pareamus
483 2727 631 2800 praeceptis
647 2727 704 2799 ejas
721 2726 819 2799 quibus
837 2744 887 2783 nos
904 2728 1013 2784 edocuit
1028 2729 1064 2785 sd
1081 2729 1205 2789 salntem.

97 2810 214 2883 Praesta
242 2830 290 2885 per
318 2813 455 2869 dominum
485 2818 604 2868 nostrum
633 2811 728 2868 desum
757 2810 893 2867 Christum
923 2811 1020 2867 Filium
1049 2817 1135 2881 tuum,
1158 2816 1205 2887 qui

96 2903 193 2966 tecum,
207 2902 258 2953 stc.

164 3094 205 3158 In
229 3094 284 3160 the
319 3093 515 3159 Ambrosisn
541 3094 607 3158 and
629 3091 813 3157 Mozarabic
842 3091 990 3177 liturgica
1020 3092 1111 3159 these
1137 3096 1202 3160 for·

98 3198 252 3262 mularies
275 3219 329 3262 are
354 3198 512 3282 preceded
537 3199 582 3283 by
606 3220 625 3263 a
650 3194 849 3262 salutation.¹
894 3196 940 3263 St.
966 3197 1091 3262 Isidore
1114 3200 1204 3283 gives

99 3302 188 3367 them
214 3323 249 3367 as
277 3302 333 3367 the
359 3310 423 3366 two
449 3302 521 3367 first
545 3321 677 3386 prayers
704 3302 739 3365 of
766 3300 823 3365 the
852 3299 954 3368 Mass.
999 3301 1089 3386 They
1111 3304 1204 3382 form,

98 3407 133 3470 in
159 3406 233 3483 ieet,
256 3407 335 3490 only
357 3426 418 3471 one
444 3426 568 3490 prayer,
595 3406 659 3470 and
685 3405 758 3469 that
787 3411 846 3469 not
869 3403 925 3468 the
951 3404 1042 3484 first3
1074 3406 1134 3470 but
1156 3406 1203 3473 St.

149 3623 157 3654 ¹
176 3624 202 3674 It
217 3641 270 3675 was
286 3629 315 3676 at
332 3625 387 3676 thia
404 3625 477 3690 point
494 3624 554 3675 that
569 3623 615 3674 the
631 3623 693 3674 Kisa
703 3622 732 3672 oi
742 3622 826 3672 Pasce
837 3620 959 3671 occurred
974 3620 1097 3685 formerly
1113 3623 1141 3672 iu
1159 3623 1206 3674 the

99 3700 227 3752 Milanese
243 3718 297 3753 use.
330 3703 388 3753 'l'hs
405 3702 502 3753 descen
524 3718 591 3767 gave
612 3701 658 3752 the
679 3700 766 3764 signal
788 3700 828 3750 ior
848 3700 872 3749 it
889 3699 925 3763 by
942 3697 988 3748 the
1006 3698 1096 3760 worda,
1112 3701 1205 3755 Poeans

97 3778 198 3829 habau!
230 3780 273 3830 He
285 3781 348 3831 then
358 3781 457 3831 added:
475 3780 574 3846 Eripite
590 3795 630 3829 cos
647 3780 683 3828 od
699 3778 853 3828 orationem!
872 3781 899 3827 to
911 3775 996 3826 which
1015 3774 1061 3825 the
1078 3791 1207 3841 response,

97 3855 140 3904 Au
157 3861 180 3906 te
196 3857 309 3917 Domitia
328 3873 381 3908 vas
399 3859 485 3921 given.
519 3857 558 3907 Gi.
577 3856 624 3907 the
642 3856 684 3909 zoi
703 3855 782 3921 Κύριε,
799 3870 816 3905 a
835 3855 957 3918 frequent
976 3867 1094 3917 response
1112 3855 1140 3903 in
1159 3855 1205 3906 the

98 3930 187 3982 Greek
209 3934 336 3999 liturgias.
370 3938 408 3986 At
424 3935 470 3985 the
492 3938 595 3998 present
612 3933 664 3998 day
681 3933 727 3984 the
744 3931 827 3983 words
843 3931 942 3996 Esaia
960 3945 1000 3978 aas
1018 3931 1054 3979 ael
1070 3934 1207 3986 oratiorum

96 4025 143 4059 are
158 4012 270 4063 omitted
286 4013 352 4063 from
369 4013 415 4063 the
429 4011 563 4076 liturgieal
581 4010 666 4071 buch,
680 4009 732 4061 and
751 4009 796 4060 the
814 4022 932 4071 responso
943 4007 983 4055 Ad
998 4010 1021 4057 ta
1036 4005 1143 4059 Domine
1159 4010 1207 4061 has

100 4110 134 4144 no
144 4093 241 4155 longer,
252 4090 444 4156 cousequently,
455 4090 491 4140 its
502 4088 605 4140 natural
617 4102 697 4137 sense.
