2814 4816
551 367 725 418 Arruumx.
1131 353 1195 420 479

86 523 165 582 notia
181 544 335 604 perquem
355 523 504 584 meruistis.
548 525 721 585 Psalmum:
745 525 836 586 Beati
854 525 1024 585 inmaculati
1045 526 1164 584 tamdiu
1174 526 1196 559 ‘¹’

85 619 187 697 psallis
208 639 302 699 usque
323 619 395 679 dum
416 620 538 679 condite
558 619 674 680 fuerint
695 620 830 698 reliquie.
873 620 916 678 Et
935 619 1104 679 subsistent
1125 639 1193 679 cum

85 714 208 773 silentio
222 714 299 773 nihil
314 721 465 774 canentes.

152 818 182 880 -Ι-
202 811 244 870 Et
262 812 371 889 accipit
393 814 549 890 episcopus
570 811 701 871 chrisma
723 818 756 871 et
777 811 880 889 tangit
906 830 960 889 per
981 818 1128 890 quattuor
1142 832 1195 871 an·

86 906 172 981 gulos
191 905 249 964 loci
273 907 326 964 ubi
353 906 497 983 reliquiae
526 907 644 984 positae
677 905 802 977 fuerint,
831 904 1062 964 similitudinem
1083 908 1190 978 crucis,

85 1006 118 1056 et
136 997 228 1058 dicit:
250 998 288 1057 Io
315 999 424 1058 omnine
450 998 553 1058 Patris
580 1007 607 1058 et
635 998 710 1057 Filii
737 1007 764 1058 et
785 996 912 1076 Spiritus
933 998 1028 1059 accdi
1044 1020 1110 1077 pac
1128 1000 1191 1059 titi.

87 1090 129 1149 Et
152 1091 306 1167 respondit
329 1093 427 1151 omnis
450 1093 595 1171 populus:
616 1091 656 1151 El
670 1112 733 1151 cam
755 1091 860 1170 spiritu
882 1099 937 1150 tuo.
981 1090 1031 1151 Sic
1051 1093 1193 1151 similiter

83 1190 116 1243 et
142 1185 176 1242 in
202 1191 350 1262 quattuor
377 1205 490 1245 cornua
517 1187 624 1245 altaris
652 1186 780 1245 eundem
802 1204 968 1245 sermonem
997 1187 1109 1263 repetit
1135 1206 1191 1265 per

86 1297 338 1356 unumquemque.

147 1370 208 1433 His
235 1372 366 1451 expletis
393 1373 495 1432 induit
522 1393 554 1434 se
582 1375 736 1452 episcopus
758 1373 908 1452 planitam
933 1392 1019 1432 suam
1040 1379 1072 1431 et
1092 1393 1194 1451 proce-

86 1462 165 1523 dunt
187 1465 282 1526 levite
306 1466 345 1526 de
369 1469 501 1526 sacrario
524 1487 592 1527 cum
613 1474 699 1527 veste
720 1468 828 1526 altaris
848 1475 880 1526 et
900 1468 1076 1545 cooperiunt
1096 1468 1194 1527 altare

85 1576 229 1616 unacum
244 1560 390 1637 episcopo,
405 1566 437 1618 et
451 1559 506 1619 dat
521 1561 585 1637 ipae
602 1561 771 1620 orationem
789 1559 829 1617 ad
847 1557 1083 1618 consecrandum
1097 1560 1196 1619 altare

85 1670 138 1710 seu
172 1652 238 1729 ipsa
270 1654 463 1726 vestimenta,
496 1653 606 1714 deinde
633 1673 722 1714 omne
749 1653 953 1713 ministerium
985 1652 1101 1726 altaris,
1130 1655 1194 1712 aive

86 1752 230 1822 patenam
244 1747 294 1806 vel
308 1766 435 1807 crucem.

147 1838 214 1899 Hae
240 1842 342 1900 omnia
365 1842 487 1919 expleta
514 1842 615 1901 intrat
646 1841 802 1919 episcopus
826 1842 860 1898 in
888 1840 1019 1899 sacrario
1045 1847 1079 1899 et
1106 1841 1193 1899 venit

86 1934 305 1994 mansionarius
340 1954 409 1995 cum
440 1954 526 1994 cereo
560 1954 686 1994 accenso
721 1942 795 1994 ante
837 1934 1009 2013 episcopum
1045 1940 1078 1992 et
1112 1936 1193 2013 petit

84 2026 251 2086 orationem
265 2033 299 2086 et
318 2026 410 2087 dicit:
431 2025 514 2099 date,
531 2026 639 2098 domm
655 2026 826 2087 benedicere.
870 2026 913 2084 Et
923 2025 999 2085 dicit
1013 2026 1190 2104 episcopus:

84 2116 239 2179 Ialcneiact
270 2120 410 2180 Dominus
439 2120 549 2180 ἅωηυπι
575 2140 664 2180 rasam
686 2120 718 2179 ia
744 2120 951 2199 sempiternum.
995 2118 1038 2176 Et
1069 2138 1192 2197 respon-

85 2213 159 2273 dent
180 2234 299 2274 omnes:
322 2213 420 2274 Amen.
463 2214 506 2274 Et
519 2215 562 2273 sic
575 2212 785 2274 accenduntur
804 2234 823 2273 a
843 2212 1054 2272 mansionariis
1068 2213 1194 2273 candele

84 2307 118 2366 in
138 2309 270 2370 ecclesia.
313 2308 356 2368 Et
383 2308 491 2387 incipit
515 2315 622 2368 cantor
649 2309 848 2386 antiphonam
871 2307 911 2367 ad
935 2306 1106 2366 introitum.
1151 2307 1193 2365 Et

83 2400 220 2477 procedit
243 2402 399 2479 episcopus
420 2401 459 2460 de
481 2402 612 2461 sacrarm
633 2421 702 2461 cum
724 2400 883 2461 ordinibus
904 2400 1005 2472 sacris,
1028 2399 1108 2459 siout
1129 2419 1193 2460 moa

84 2501 139 2567 est,
162 2501 195 2554 et
218 2496 390 2555 celebratur
416 2496 574 2556 missarum
596 2496 755 2556 sollemnia
774 2495 855 2556 sicut
872 2495 907 2554 in
927 2493 1193 2555 sacramentorum

84 2589 266 2648 continetur.

602 2997 662 3060 IX.

145 3218 223 3280 Ordo
238 3216 364 3298 qualiter
378 3217 409 3279 in
422 3217 631 3298 Pamflcoticoc
644 3226 762 3280 samiae
777 3217 896 3280 Mariae
910 3220 1051 3298 aquodam
1065 3229 1116 3281 eat.

143 3410 216 3489 Ipsa
243 3418 345 3472 autem
379 3413 437 3486 die,
467 3432 576 3473 aurora
609 3412 801 3486 ascendente,
829 3412 999 3492 procedunt
1026 3433 1130 3475 omnes
1154 3416 1192 3476 de

83 3505 238 3565 universas
271 3505 423 3567 diaconias
454 3507 520 3566 eive
557 3507 595 3567 de
631 3507 731 3567 titulis
764 3527 832 3567 cum
860 3507 976 3566 letania
994 3515 1025 3576 4-
1039 3509 1088 3568 rel
1112 3511 1193 3569 anti·

81 3598 198 3677 phonas
217 3600 384 3678 psallendo,
398 3608 432 3661 et
452 3620 538 3662 cerea
551 3621 677 3662 acosma
697 3607 856 3680 portantes
879 3621 983 3662 omnes
1001 3603 1035 3661 in
1052 3604 1192 3664 manibus

81 3712 135 3770 per
173 3700 289 3754 turmas
330 3715 410 3769 suas,
452 3704 485 3755 et
523 3696 650 3756 veniunt
688 3698 721 3755 in
755 3696 880 3756 acclama
921 3697 1021 3756 sancti
1059 3697 1192 3757 Adriani

81 3790 226 3866 martyris
249 3797 282 3849 et
304 3796 468 3867 expectant
484 3790 666 3869 pontificem.
710 3791 840 3850 Interim
858 3791 1030 3869 ingreditur
1050 3792 1190 3870 pontifex

81 3884 214 3945 sacrario
240 3890 274 3944 et
297 3883 401 3945 induit
424 3904 456 3945 se
483 3885 675 3945 vestimentis
702 3885 808 3964 nigris,
835 3892 869 3944 et
897 3885 1016 3947 diacon
1049 3886 1191 3950 similiter

549 4069 584 4140 (i)
601 4066 730 4125 temdum.
