2814 4816
176 304 240 373 370
280 322 459 371 cnrrrsrrar
481 321 649 372 woasnn:
673 321 724 372 rrs
746 320 860 372 eurora
883 324 953 374 aun
976 321 1171 372 nveauruorr.

174 480 265 536 cruda
275 479 408 537 elementa
416 480 561 537 voluntatis
572 487 633 538 urae
644 481 765 538 defendis
780 484 915 552 affectum,
928 481 1000 538 hunc
1017 498 1125 553 quoque
1142 479 1282 547 famulum,

173 572 251 620 tuum
282 565 370 622 Illum
398 564 506 637 speciali
537 565 648 637 dignare
676 565 819 621 inlustrare
846 571 966 638 aspectu,
997 571 1028 620 ut
1057 565 1111 621 trris
1146 563 1285 636 obsequiis

173 648 315 720 expeditis
344 649 444 705 mactis
474 647 602 706 altaribus
634 648 754 704 minister
783 664 864 720 purus
894 647 1037 718 adme
1062 654 1091 704 et
1116 646 1284 720 indulgentia

172 731 270 804 purior,
294 749 387 788 eorum
410 731 496 804 gradu
524 750 590 805 quos
616 732 739 806 Apostoli
762 732 803 789 tui
826 732 855 788 in
878 732 1028 804 septenario
1053 749 1173 802 nurnero,
1198 731 1281 788 beato

173 816 310 891 Stephano
334 816 403 872 duee
426 833 459 872 ac
482 817 600 889 praevio,
625 823 719 873 sancto
749 816 848 889 Spiritu
877 823 988 872 auctore
1017 815 1156 887 elegerunt
1183 815 1283 888 dignus

171 900 276 971 existat,
298 906 328 957 et
350 899 493 957 virtutibus
515 900 646 957 universis
669 900 765 973 quibus
792 899 842 955 tibi
871 899 972 956 servire
1001 905 1109 971 oportet
1131 899 1281 955 instructus

170 982 314 1057 compleat.

236 1276 476 1343 Priasta-The
490 1276 714 1343 continuation
729 1275 765 1341 ol
776 1277 833 1344 the
848 1276 1044 1343 ceremonias
1059 1297 1125 1343 was
1147 1277 1282 1363 exactly

170 1382 226 1448 the
247 1402 336 1447 same
357 1380 407 1445 for
428 1379 546 1464 priests
568 1401 603 1444 as
625 1380 676 1444 lor
697 1380 842 1459 descons,
858 1389 973 1466 except
995 1382 1068 1447 that
1087 1381 1144 1449 the
1162 1382 1284 1448 former

169 1506 253 1552 were
274 1484 426 1550 anointed
452 1504 495 1548 on
520 1483 577 1549 the
602 1484 715 1549 hands.
761 1485 838 1550 This
862 1507 928 1551 was
953 1487 1022 1551 also
1046 1508 1066 1552 a
1091 1495 1218 1554 custom
1245 1489 1281 1553 in

169 1584 291 1652 certain
314 1584 421 1668 places
442 1583 477 1647 in
499 1583 612 1668 tegani
633 1590 669 1648 to
691 1583 850 1651 descons.¹
895 1586 963 1651 The
980 1585 1148 1672 following
1166 1587 1195 1651 is
1223 1588 1282 1653 the

167 1687 346 1771 formulary
361 1687 411 1751 for
425 1685 482 1752 the
496 1685 691 1752 addrees1—

220 1963 360 2033 Qucnism,
385 1961 548 2018 dilectissimi
573 1962 675 2030 babes,
701 1962 797 2018 rectori
827 1962 903 2018 navis
933 1967 961 2017 et
990 1961 1097 2034 navigio
1128 1962 1283 2019 deferendis

167 2051 261 2109 eadm
279 2056 321 2108 est
332 2049 377 2106 vel
394 2049 544 2107 securitatis
561 2050 630 2106 ratic
648 2049 692 2105 vel
710 2049 822 2118 timoris,
841 2049 990 2105 communis
1008 2067 1102 2106 eorum
1120 2050 1203 2107 debet
1221 2069 1282 2108 esse

166 2135 300 2194 sententia
323 2151 437 2206 quorum
461 2151 544 2191 musa
567 2134 718 2191 communis
747 2134 846 2190 existit
891 2134 951 2190 Nec
980 2133 1078 2190 frastra
1109 2152 1126 2189 a
1156 2134 1282 2191 Patribus

165 2218 360 2275 reminiscimur
376 2217 529 2273 institutum
550 2222 582 2272 nt
599 2216 634 2272 de
655 2215 786 2272 electione
806 2232 898 2271 serum
919 2215 965 2287 qui
991 2215 1027 2271 ad
1051 2217 1170 2287 regimen
1189 2216 1283 2272 altaris

167 2301 314 2360 adhibendi
333 2307 398 2358 sunt
420 2299 574 2357 consulatur
597 2307 626 2356 et
649 2299 778 2372 populus;
796 2298 860 2372 quia
883 2298 917 2354 de
941 2307 1004 2356 actu
1028 2305 1057 2355 et
1077 2301 1282 2356 conversatione

169 2392 301 2466 praesenti
324 2391 397 2462 quod
415 2406 615 2460 nonnumquam
642 2388 778 2460 ignoratur
798 2406 815 2443 a
835 2387 955 2460 pluribus
979 2388 1061 2444 scitur
1084 2408 1101 2444 a
1126 2389 1227 2461 paucis,
1252 2396 1283 2445 et

166 2492 274 2532 necesse
292 2479 334 2529 ast
351 2480 382 2528 ut
399 2472 502 2529 lacilius
519 2472 577 2544 quis
594 2471 774 2528 obedientiam
795 2472 923 2527 exhibeat
936 2471 1058 2527 ordinate
1075 2472 1118 2527 cui
1136 2472 1281 2528 adaenmm

166 2557 317 2631 praebuerit
346 2555 504 2612 ordinando.
550 2555 651 2610 Fratris
681 2555 764 2610 nostri
800 2561 829 2610 et
863 2554 1064 2626 conpresbyteri
1101 2555 1281 2624 conversatio,

165 2647 294 2713 quantum
315 2656 392 2695 nosse
413 2639 480 2695 mihi
501 2638 600 2708 videor,
624 2638 738 2710 probata
761 2655 793 2695 sc
817 2639 878 2693 Deo
900 2636 997 2710 placita
1015 2645 1069 2710 est,
1087 2644 1116 2693 ct
1134 2636 1223 2710 digna,
1247 2644 1282 2695 nt

164 2725 285 2795 arbitror,
310 2723 483 2780 ecclesiastici
507 2723 617 2778 honoris
641 2728 794 2794 augmento.
842 2721 897 2778 Sed
921 2739 956 2777 ne
984 2739 1068 2777 unum
1093 2720 1204 2777 fortasse
1232 2722 1279 2778 vel

165 2823 265 2881 paucoe
282 2812 331 2862 aut
347 2805 464 2878 decipiat
484 2804 609 2860 adsensio
628 2810 676 2860 aut
693 2803 770 2860 sallat
788 2802 901 2872 affectio,
917 2802 1051 2859 annuntia
1070 2809 1111 2858 est
1126 2803 1281 2876 expetenda

165 2888 319 2946 multorum.
355 2889 458 2959 ltaque,
477 2885 543 2959 quid
560 2886 594 2943 de
613 2886 671 2960 ejus
689 2886 792 2942 actibus
809 2892 856 2942 aut
873 2885 991 2942 monbas
1008 2885 1145 2957 noveritis,
1159 2885 1224 2957 qnid
1242 2886 1281 2943 de

166 2972 262 3028 merito
274 2970 413 3039 censeatis,
426 2971 484 3026 Deo
496 2975 574 3039 teste,
587 2967 757 3025 consulimus
794 2969 883 3024 Debet
894 2969 964 3024 hanc
976 2967 1057 3025 fidem
1070 2971 1168 3028 habere
1180 2972 1282 3028 caritas

165 3062 255 3112 vestra
274 3071 355 3126 quarn
379 3052 527 3109 secundum
548 3058 720 3124 praeceptum
740 3052 880 3123 Evangelii
899 3059 927 3108 et
946 3054 1005 3109 Deo
1027 3055 1155 3112 exhibere
1173 3056 1282 3112 debetis

165 3144 194 3194 ct
212 3137 342 3210 proximo,
361 3142 392 3191 ut
410 3136 474 3192 huic
493 3135 676 3192 testimonium
695 3135 825 3192 sacerdoti
846 3137 932 3208 magis
951 3155 999 3209 pro
1014 3139 1110 3196 merito
1127 3157 1208 3212 quum
1227 3159 1280 3214 pro

166 3223 307 3279 affectione
329 3220 430 3293 aliquid
453 3219 585 3276 tribuatis.
621 3220 659 3275 nt
681 3218 728 3291 qui
754 3219 926 3277 devotionern
950 3221 1068 3279 οωιιίιιιιι
1094 3231 1284 3298 expectemus,

216 3507 223 3536 ¹
242 3505 336 3556 Gildss
353 3504 441 3567 (nasa
460 3504 593 3566 Queralas,
610 3505 648 3555 iii.
673 3506 718 3568 21)
734 3503 827 3570 speaks
848 3506 877 3555 ol
896 3521 913 3554 a
935 3505 1049 3573 blessing
1065 3523 1117 3575 quo
1134 3510 1278 3562 amdam

165 3584 319 3634 massam
329 3583 366 3633 vel
377 3582 551 3632 ministrorum
560 3597 658 3632 mnas.
692 3581 759 3632 This
773 3583 921 3646 expression
936 3598 1019 3635 seems
1029 3587 1056 3634 tc
1066 3584 1134 3636 have
1144 3586 1279 3638 reference

165 3666 192 3711 to
208 3676 224 3710 a
240 3659 337 3723 special
354 3673 497 3723 ceremony‚
508 3658 631 3722 probably
648 3659 694 3708 the
710 3659 848 3723 anointing
864 3660 893 3709 oi
907 3659 953 3710 the
970 3660 1053 3712 hands
1068 3662 1099 3712 oi
1112 3663 1206 3728 priests
1220 3665 1277 3715 aad

165 3737 281 3787 deaeons.
315 3734 373 3786 'l'be
389 3735 527 3800 enointing
543 3736 572 3785 oi
586 3735 633 3786 the
649 3736 733 3786 hands
749 3736 777 3786 in
793 3751 851 3787 crac
865 3737 895 3786 ef
908 3737 971 3788 both
988 3737 1061 3790 these
1077 3739 1163 3790 orders
1179 3740 1204 3791 is
1219 3744 1277 3792 met

165 3813 229 3864 with
247 3815 275 3864 in
293 3813 340 3864 the
357 3812 543 3878 Angla-Saxon
561 3812 640 3864 books
663 3813 692 3863 of
711 3813 758 3863 tho
775 3813 852 3864 tenth
869 3814 921 3865 and
938 3814 1060 3866 eleventb
1078 3817 1214 3868 centurias
1248 3819 1279 3870 It

164 3907 273 3958 appears
283 3893 350 3943 irem
361 3890 408 3942 the
422 3890 501 3942 letter
516 3892 545 3942 ol
559 3891 666 3942 Nicolss
681 3891 702 3941 1.
714 3897 741 3942 to
758 3891 889 3958 Rouuph,
899 3892 998 3958 Bishop
1014 3894 1044 3944 οἰ
1053 3893 1169 3960 Bourgss
1184 3895 1278 3961 (Md,

162 3970 248 4032 2765),
265 3968 325 4020 that
342 3967 421 4019 about
437 3967 483 4018 the
500 3967 564 4018 tirno
579 3968 609 4018 ot
623 3967 731 4018 Gharlcs
748 3968 795 4018 the
813 3969 880 4021 ltald
900 3969 945 4021 the
964 3969 1101 4036 annuting
1117 3972 1147 4023 cf
1163 3972 1277 4029 desecns

163 4063 215 4099 was
224 4047 254 4098 in
267 4061 368 4112 process
378 4045 407 4095 oi
416 4046 496 4112 being
507 4045 660 4098 introduced
671 4046 726 4097 into
737 4046 844 4098 sance.
