<?xml version="1.0" encoding="UTF-8"?>
<!DOCTYPE html PUBLIC "-//W3C//DTD XHTML 1.0 Transitional//EN"
    "http://www.w3.org/TR/xhtml1/DTD/xhtml1-transitional.dtd">
<html xmlns="http://www.w3.org/1999/xhtml" xml:lang="en" lang="en">
 <head>
  <title>
</title>
<meta http-equiv="Content-Type" content="text/html;charset=utf-8" />
  <meta name='ocr-system' content='tesseract 3.04.00' />
  <meta name='ocr-capabilities' content='ocr_page ocr_carea ocr_par ocr_line ocrx_word'/>
</head>
<body>
  <div class='ocr_page' id='page_1' title='image "./christianworshi01mcclgoog_0504.png"; bbox 0 0 2814 4816; ppageno 0'>
   <div class='ocr_carea' id='block_1_1' title="bbox 580 373 1223 440">
    <p class='ocr_par' dir='ltr' id='par_1_1' title="bbox 580 373 1223 440">
     <span class='ocr_line' id='line_1_1' title="bbox 580 373 1223 440; baseline -0.003 -1"><span class='ocrx_word' id='word_1_1' title='bbox 580 389 753 440; x_wconf 70' lang='lat' dir='ltr'><strong>uersuum.</strong></span> <span class='ocrx_word' id='word_1_2' title='bbox 1158 373 1223 438; x_wconf 80' lang='lat'><strong>483</strong></span> 
     </span>
    </p>
   </div>
   <div class='ocr_carea' id='block_1_2' title="bbox 109 546 1224 3824">
    <p class='ocr_par' dir='ltr' id='par_1_2' title="bbox 109 546 1224 2106">
     <span class='ocr_line' id='line_1_2' title="bbox 110 546 1223 627; baseline 0.003 -24"><span class='ocrx_word' id='word_1_3' title='bbox 110 551 142 603; x_wconf 89' lang='lat' dir='ltr'><strong>et</strong></span> <span class='ocrx_word' id='word_1_4' title='bbox 173 546 283 626; x_wconf 89' lang='lat' dir='ltr'><strong>incipit</strong></span> <span class='ocrx_word' id='word_1_5' title='bbox 321 548 422 626; x_wconf 86' lang='lat' dir='ltr'><strong>legere</strong></span> <span class='ocrx_word' id='word_1_6' title='bbox 457 549 618 609; x_wconf 89' lang='lat' dir='ltr'><strong>lectionem</strong></span> <span class='ocrx_word' id='word_1_7' title='bbox 660 549 756 610; x_wconf 79' lang='lat' dir='ltr'><strong>Oseee</strong></span> <span class='ocrx_word' id='word_1_8' title='bbox 797 549 970 627; x_wconf 81' lang='lat' dir='ltr'><strong>prophetae.</strong></span> <span class='ocrx_word' id='word_1_9' title='bbox 1027 547 1103 607; x_wconf 89' lang='lat' dir='ltr'><strong>Post</strong></span> <span class='ocrx_word' id='word_1_10' title='bbox 1135 548 1223 624; x_wconf 85' lang='lat' dir='ltr'><strong>cujus</strong></span> 
     </span>
     <span class='ocr_line' id='line_1_3' title="bbox 111 639 1223 721; baseline 0.003 -24"><span class='ocrx_word' id='word_1_11' title='bbox 111 639 287 701; x_wconf 77' lang='lat' dir='ltr'><strong>descensum</strong></span> <span class='ocrx_word' id='word_1_12' title='bbox 310 643 447 703; x_wconf 79' lang='lat' dir='ltr'><strong>ascendit</strong></span> <span class='ocrx_word' id='word_1_13' title='bbox 474 651 582 703; x_wconf 79' lang='lat' dir='ltr'><strong>centor</strong></span> <span class='ocrx_word' id='word_1_14' title='bbox 609 649 642 702; x_wconf 93' lang='lat' dir='ltr'><strong>et</strong></span> <span class='ocrx_word' id='word_1_15' title='bbox 665 643 751 703; x_wconf 72' lang='lat' dir='ltr'><strong>canit</strong></span> <span class='ocrx_word' id='word_1_16' title='bbox 776 641 948 721; x_wconf 81' lang='lat' dir='ltr'><strong>gr(sduele)</strong></span> <span class='ocrx_word' id='word_1_17' title='bbox 972 639 1095 701; x_wconf 78' lang='lat' dir='ltr'><strong>Domine</strong></span> <span class='ocrx_word' id='word_1_18' title='bbox 1123 640 1223 700; x_wconf 77' lang='lat' dir='ltr'><strong>codici</strong></span> 
     </span>
     <span class='ocr_line' id='line_1_4' title="bbox 111 734 1224 812; baseline 0.001 -20"><span class='ocrx_word' id='word_1_19' title='bbox 111 754 179 794; x_wconf 90' lang='lat' dir='ltr'><strong>cum</strong></span> <span class='ocrx_word' id='word_1_20' title='bbox 201 736 338 797; x_wconf 87' lang='lat' dir='ltr'><strong>versibus</strong></span> <span class='ocrx_word' id='word_1_21' title='bbox 368 737 440 797; x_wconf 87' lang='lat' dir='ltr'><strong>suis.</strong></span> <span class='ocrx_word' id='word_1_22' title='bbox 484 737 527 796; x_wconf 81' lang='lat' dir='ltr'><strong>Et</strong></span> <span class='ocrx_word' id='word_1_23' title='bbox 549 738 663 797; x_wconf 88' lang='lat' dir='ltr'><strong>iterum</strong></span> <span class='ocrx_word' id='word_1_24' title='bbox 690 737 829 797; x_wconf 83' lang='lat' dir='ltr'><strong>escendit</strong></span> <span class='ocrx_word' id='word_1_25' title='bbox 856 735 1061 796; x_wconf 86' lang='lat' dir='ltr'><strong>subdieccnus</strong></span> <span class='ocrx_word' id='word_1_26' title='bbox 1088 740 1121 794; x_wconf 87' lang='lat' dir='ltr'><strong>et</strong></span> <span class='ocrx_word' id='word_1_27' title='bbox 1148 734 1224 812; x_wconf 85' lang='lat' dir='ltr'><strong>legit</strong></span> 
     </span>
     <span class='ocr_line' id='line_1_5' title="bbox 111 828 1224 909; baseline 0.001 -23"><span class='ocrx_word' id='word_1_28' title='bbox 111 828 203 887; x_wconf 75' lang='lat' dir='ltr'><strong>eliam</strong></span> <span class='ocrx_word' id='word_1_29' title='bbox 233 830 394 891; x_wconf 91' lang='lat' dir='ltr'><strong>lectionem</strong></span> <span class='ocrx_word' id='word_1_30' title='bbox 422 831 673 905; x_wconf 78' lang='lat' dir='ltr'><strong>Deuteronomii3</strong></span> <span class='ocrx_word' id='word_1_31' title='bbox 705 837 776 909; x_wconf 89' lang='lat' dir='ltr'><strong>post</strong></span> <span class='ocrx_word' id='word_1_32' title='bbox 803 850 893 909; x_wconf 86' lang='lat' dir='ltr'><strong>quem</strong></span> <span class='ocrx_word' id='word_1_33' title='bbox 920 836 1028 890; x_wconf 82' lang='lat' dir='ltr'><strong>centor</strong></span> <span class='ocrx_word' id='word_1_34' title='bbox 1057 828 1224 888; x_wconf 73' lang='lat' dir='ltr'><strong>ascendens</strong></span> 
     </span>
     <span class='ocr_line' id='line_1_6' title="bbox 111 920 1224 1003; baseline 0.002 -25"><span class='ocrx_word' id='word_1_35' title='bbox 111 920 220 999; x_wconf 85' lang='lat' dir='ltr'><strong>incipit</strong></span> <span class='ocrx_word' id='word_1_36' title='bbox 240 929 375 983; x_wconf 79' lang='lat' dir='ltr'><strong>tractum</strong></span> <span class='ocrx_word' id='word_1_37' title='bbox 383 924 406 964; x_wconf 68' lang='grc' dir='ltr'><strong>(Ι)</strong></span> <span class='ocrx_word' id='word_1_38' title='bbox 439 925 497 996; x_wconf 68' lang='lat' dir='ltr'><strong>Qua·</strong></span> <span class='ocrx_word' id='word_1_39' title='bbox 527 925 646 985; x_wconf 76' lang='lat' dir='ltr'><strong>tubitet.</strong></span> <span class='ocrx_word' id='word_1_40' title='bbox 690 925 757 995; x_wconf 81' lang='lat' dir='ltr'><strong>Quo</strong></span> <span class='ocrx_word' id='word_1_41' title='bbox 786 925 943 1003; x_wconf 29' lang='lat' dir='ltr'><strong>completo*</strong></span> <span class='ocrx_word' id='word_1_42' title='bbox 961 923 1048 982; x_wconf 79' lang='lat' dir='ltr'><strong>redit</strong></span> <span class='ocrx_word' id='word_1_43' title='bbox 1078 923 1224 983; x_wconf 74' lang='lat' dir='ltr'><strong>diaconus</strong></span> 
     </span>
     <span class='ocr_line' id='line_1_7' title="bbox 110 1011 1223 1096; baseline 0 -24"><span class='ocrx_word' id='word_1_44' title='bbox 110 1011 308 1075; x_wconf 74' lang='lat' dir='ltr'><strong>discalceatus</strong></span> <span class='ocrx_word' id='word_1_45' title='bbox 329 1036 397 1075; x_wconf 88' lang='lat' dir='ltr'><strong>curn</strong></span> <span class='ocrx_word' id='word_1_46' title='bbox 415 1019 581 1096; x_wconf 79' lang='lat' dir='ltr'><strong>evangelio,</strong></span> <span class='ocrx_word' id='word_1_47' title='bbox 602 1024 634 1077; x_wconf 89' lang='lat' dir='ltr'><strong>et</strong></span> <span class='ocrx_word' id='word_1_48' title='bbox 655 1038 724 1078; x_wconf 87' lang='lat' dir='ltr'><strong>cum</strong></span> <span class='ocrx_word' id='word_1_49' title='bbox 744 1037 780 1078; x_wconf 92' lang='lat' dir='ltr'><strong>eo</strong></span> <span class='ocrx_word' id='word_1_50' title='bbox 800 1018 861 1078; x_wconf 87' lang='lat' dir='ltr'><strong>duo</strong></span> <span class='ocrx_word' id='word_1_51' title='bbox 882 1017 1067 1090; x_wconf 75' lang='lat' dir='ltr'><strong>subdiaconi,</strong></span> <span class='ocrx_word' id='word_1_52' title='bbox 1091 1022 1125 1075; x_wconf 91' lang='lat' dir='ltr'><strong>et</strong></span> <span class='ocrx_word' id='word_1_53' title='bbox 1147 1016 1223 1094; x_wconf 90' lang='lat' dir='ltr'><strong>legit</strong></span> 
     </span>
     <span class='ocr_line' id='line_1_8' title="bbox 109 1108 1223 1188; baseline 0.002 -22"><span class='ocrx_word' id='word_1_54' title='bbox 109 1108 278 1184; x_wconf 72' lang='lat' dir='ltr'><strong>passionem</strong></span> <span class='ocrx_word' id='word_1_55' title='bbox 313 1109 437 1170; x_wconf 85' lang='lat' dir='ltr'><strong>Domini</strong></span> <span class='ocrx_word' id='word_1_56' title='bbox 466 1109 633 1171; x_wconf 88' lang='lat' dir='ltr'><strong>secundum</strong></span> <span class='ocrx_word' id='word_1_57' title='bbox 667 1109 848 1172; x_wconf 80' lang='lat' dir='ltr'><strong>Johennem.</strong></span> <span class='ocrx_word' id='word_1_58' title='bbox 905 1111 948 1170; x_wconf 81' lang='lat' dir='ltr'><strong>Et</strong></span> <span class='ocrx_word' id='word_1_59' title='bbox 975 1130 1045 1170; x_wconf 91' lang='lat' dir='ltr'><strong>cum</strong></span> <span class='ocrx_word' id='word_1_60' title='bbox 1072 1111 1223 1188; x_wconf 78' lang='lat' dir='ltr'><strong>complete</strong></span> 
     </span>
     <span class='ocr_line' id='line_1_9' title="bbox 113 1193 1224 1283; baseline 0.005 -26"><span class='ocrx_word' id='word_1_61' title='bbox 113 1193 215 1274; x_wconf 82' lang='lat' dir='ltr'><strong>fuerit,</strong></span> <span class='ocrx_word' id='word_1_62' title='bbox 240 1203 316 1262; x_wconf 87' lang='lat' dir='ltr'><strong>dicit</strong></span> <span class='ocrx_word' id='word_1_63' title='bbox 336 1203 465 1263; x_wconf 90' lang='lat' dir='ltr'><strong>domnus</strong></span> <span class='ocrx_word' id='word_1_64' title='bbox 486 1204 669 1282; x_wconf 79' lang='lat' dir='ltr'><strong>apostolicus</strong></span> <span class='ocrx_word' id='word_1_65' title='bbox 690 1206 858 1264; x_wconf 86' lang='lat' dir='ltr'><strong>cretionem</strong></span> <span class='ocrx_word' id='word_1_66' title='bbox 884 1203 1003 1265; x_wconf 74' lang='lat' dir='ltr'><strong>Oremm</strong></span> <span class='ocrx_word' id='word_1_67' title='bbox 1021 1224 1080 1283; x_wconf 84' lang='lat' dir='ltr'><strong>pro</strong></span> <span class='ocrx_word' id='word_1_68' title='bbox 1102 1203 1224 1264; x_wconf 81' lang='lat' dir='ltr'><strong>ecclesio</strong></span> 
     </span>
     <span class='ocr_line' id='line_1_10' title="bbox 109 1295 1222 1375; baseline 0.002 -22"><span class='ocrx_word' id='word_1_69' title='bbox 109 1302 211 1354; x_wconf 78' lang='lat' dir='ltr'><strong>sancto</strong></span> <span class='ocrx_word' id='word_1_70' title='bbox 235 1295 303 1369; x_wconf 77' lang='lat' dir='ltr'><strong>Dei,</strong></span> <span class='ocrx_word' id='word_1_71' title='bbox 326 1302 360 1355; x_wconf 90' lang='lat' dir='ltr'><strong>et</strong></span> <span class='ocrx_word' id='word_1_72' title='bbox 386 1296 463 1356; x_wconf 91' lang='lat' dir='ltr'><strong>dicit</strong></span> <span class='ocrx_word' id='word_1_73' title='bbox 483 1297 714 1357; x_wconf 81' lang='lat' dir='ltr'><strong>archidieccnus</strong></span> <span class='ocrx_word' id='word_1_74' title='bbox 741 1297 904 1357; x_wconf 70' lang='lat' dir='ltr'><strong>Flectom</strong></span> <span class='ocrx_word' id='word_1_75' title='bbox 927 1317 1031 1375; x_wconf 74' lang='lat' dir='ltr'><strong>genua,</strong></span> <span class='ocrx_word' id='word_1_76' title='bbox 1060 1303 1092 1356; x_wconf 92' lang='lat' dir='ltr'><strong>et</strong></span> <span class='ocrx_word' id='word_1_77' title='bbox 1115 1302 1222 1374; x_wconf 74' lang='lat' dir='ltr'><strong>postes</strong></span> 
     </span>
     <span class='ocr_line' id='line_1_11' title="bbox 112 1384 1223 1468; baseline 0.004 -24"><span class='ocrx_word' id='word_1_78' title='bbox 112 1384 187 1445; x_wconf 86' lang='lat' dir='ltr'><strong>dicit</strong></span> <span class='ocrx_word' id='word_1_79' title='bbox 223 1386 339 1461; x_wconf 80' lang='lat' dir='ltr'><strong>Leoote,</strong></span> <span class='ocrx_word' id='word_1_80' title='bbox 363 1394 396 1448; x_wconf 91' lang='lat' dir='ltr'><strong>et</strong></span> <span class='ocrx_word' id='word_1_81' title='bbox 417 1390 534 1468; x_wconf 86' lang='lat' dir='ltr'><strong>relique</strong></span> <span class='ocrx_word' id='word_1_82' title='bbox 560 1391 662 1449; x_wconf 83' lang='lat' dir='ltr'><strong>omnic</strong></span> <span class='ocrx_word' id='word_1_83' title='bbox 688 1392 723 1449; x_wconf 89' lang='lat' dir='ltr'><strong>iu</strong></span> <span class='ocrx_word' id='word_1_84' title='bbox 746 1391 853 1450; x_wconf 90' lang='lat' dir='ltr'><strong>ordine</strong></span> <span class='ocrx_word' id='word_1_85' title='bbox 877 1410 940 1451; x_wconf 90' lang='lat' dir='ltr'><strong>suo.</strong></span> <span class='ocrx_word' id='word_1_86' title='bbox 997 1390 1040 1449; x_wconf 86' lang='lat' dir='ltr'><strong>Et</strong></span> <span class='ocrx_word' id='word_1_87' title='bbox 1063 1389 1104 1449; x_wconf 86' lang='lat' dir='ltr'><strong>ed</strong></span> <span class='ocrx_word' id='word_1_88' title='bbox 1130 1391 1223 1449; x_wconf 77' lang='lat' dir='ltr'><strong>finem</strong></span> 
     </span>
     <span class='ocr_line' id='line_1_12' title="bbox 111 1481 1222 1562; baseline 0.004 -24"><span class='ocrx_word' id='word_1_89' title='bbox 111 1486 233 1541; x_wconf 82' lang='lat' dir='ltr'><strong>tentum</strong></span> <span class='ocrx_word' id='word_1_90' title='bbox 260 1481 337 1542; x_wconf 88' lang='lat' dir='ltr'><strong>dicit</strong></span> <span class='ocrx_word' id='word_1_91' title='bbox 359 1482 499 1544; x_wconf 77' lang='lat' dir='ltr'><strong>Dominus</strong></span> <span class='ocrx_word' id='word_1_92' title='bbox 526 1482 664 1543; x_wconf 56' lang='lat' dir='ltr'><strong>mierum</strong></span> <span class='ocrx_word' id='word_1_93' title='bbox 692 1489 725 1543; x_wconf 91' lang='lat' dir='ltr'><strong>et</strong></span> <span class='ocrx_word' id='word_1_94' title='bbox 749 1484 934 1562; x_wconf 88' lang='lat' dir='ltr'><strong>respondent</strong></span> <span class='ocrx_word' id='word_1_95' title='bbox 960 1482 1002 1542; x_wconf 75' lang='lat' dir='ltr'><strong>m</strong></span> <span class='ocrx_word' id='word_1_96' title='bbox 1029 1503 1091 1542; x_wconf 84' lang='lat' dir='ltr'><strong>cum</strong></span> <span class='ocrx_word' id='word_1_97' title='bbox 1117 1483 1222 1562; x_wconf 77' lang='lat' dir='ltr'><strong>spiritu</strong></span> 
     </span>
     <span class='ocr_line' id='line_1_13' title="bbox 111 1574 1224 1656; baseline 0.003 -23"><span class='ocrx_word' id='word_1_98' title='bbox 111 1582 166 1634; x_wconf 80' lang='lat' dir='ltr'><strong>too.</strong></span> <span class='ocrx_word' id='word_1_99' title='bbox 228 1574 272 1634; x_wconf 84' lang='lat' dir='ltr'><strong>Iit</strong></span> <span class='ocrx_word' id='word_1_100' title='bbox 308 1576 473 1656; x_wconf 88' lang='lat' dir='ltr'><strong>procedent</strong></span> <span class='ocrx_word' id='word_1_101' title='bbox 510 1578 622 1637; x_wconf 87' lang='lat' dir='ltr'><strong>iterum</strong></span> <span class='ocrx_word' id='word_1_102' title='bbox 659 1577 699 1636; x_wconf 82' lang='lat' dir='ltr'><strong>ed</strong></span> <span class='ocrx_word' id='word_1_103' title='bbox 736 1578 898 1638; x_wconf 75' lang='lat' dir='ltr'><strong>Laterenis</strong></span> <span class='ocrx_word' id='word_1_104' title='bbox 939 1577 1097 1655; x_wconf 67' lang='lat' dir='ltr'><strong>psallendo</strong></span> <span class='ocrx_word' id='word_1_105' title='bbox 1131 1576 1224 1637; x_wconf 76' lang='lat' dir='ltr'><strong>Beati</strong></span> 
     </span>
     <span class='ocr_line' id='line_1_14' title="bbox 112 1667 1223 1750; baseline 0.004 -22"><span class='ocrx_word' id='word_1_106' title='bbox 112 1667 297 1733; x_wconf 72' lang='lat' dir='ltr'><strong>immaculati.</strong></span> <span class='ocrx_word' id='word_1_107' title='bbox 352 1673 504 1733; x_wconf 73' lang='lat' dir='ltr'><strong>Attamen</strong></span> <span class='ocrx_word' id='word_1_108' title='bbox 531 1673 714 1750; x_wconf 76' lang='lat' dir='ltr'><strong>apostolicus</strong></span> <span class='ocrx_word' id='word_1_109' title='bbox 737 1673 781 1731; x_wconf 92' lang='lat' dir='ltr'><strong>ibi</strong></span> <span class='ocrx_word' id='word_1_110' title='bbox 808 1693 871 1732; x_wconf 90' lang='lat' dir='ltr'><strong>non</strong></span> <span class='ocrx_word' id='word_1_111' title='bbox 893 1673 1094 1732; x_wconf 85' lang='lat' dir='ltr'><strong>communicet</strong></span> <span class='ocrx_word' id='word_1_112' title='bbox 1103 1671 1133 1712; x_wconf 65' lang='lat'><strong>‘¹¹&#39;</strong></span> <span class='ocrx_word' id='word_1_113' title='bbox 1166 1692 1223 1732; x_wconf 91' lang='lat' dir='ltr'><strong>nec</strong></span> 
     </span>
     <span class='ocr_line' id='line_1_15' title="bbox 111 1763 1221 1844; baseline 0 -20"><span class='ocrx_word' id='word_1_114' title='bbox 111 1763 248 1839; x_wconf 83' lang='lat' dir='ltr'><strong>dieconi3</strong></span> <span class='ocrx_word' id='word_1_115' title='bbox 268 1765 321 1843; x_wconf 93' lang='lat' dir='ltr'><strong>qui</strong></span> <span class='ocrx_word' id='word_1_116' title='bbox 339 1785 411 1826; x_wconf 86' lang='lat' dir='ltr'><strong>rero</strong></span> <span class='ocrx_word' id='word_1_117' title='bbox 432 1767 653 1826; x_wconf 74' lang='lat' dir='ltr'><strong>communicare</strong></span> <span class='ocrx_word' id='word_1_118' title='bbox 675 1766 816 1840; x_wconf 80' lang='lat' dir='ltr'><strong>voluerit,</strong></span> <span class='ocrx_word' id='word_1_119' title='bbox 841 1766 1044 1827; x_wconf 82' lang='lat' dir='ltr'><strong>communicet</strong></span> <span class='ocrx_word' id='word_1_120' title='bbox 1067 1765 1105 1825; x_wconf 90' lang='lat' dir='ltr'><strong>de</strong></span> <span class='ocrx_word' id='word_1_121' title='bbox 1123 1766 1221 1844; x_wconf 80' lang='lat' dir='ltr'><strong>capsis</strong></span> 
     </span>
     <span class='ocr_line' id='line_1_16' title="bbox 110 1858 1223 1938; baseline 0.001 -19"><span class='ocrx_word' id='word_1_122' title='bbox 110 1858 149 1919; x_wconf 89' lang='lat' dir='ltr'><strong>de</strong></span> <span class='ocrx_word' id='word_1_123' title='bbox 172 1859 318 1919; x_wconf 76' lang='lat' dir='ltr'><strong>sacrificio</strong></span> <span class='ocrx_word' id='word_1_124' title='bbox 341 1859 421 1938; x_wconf 90' lang='lat' dir='ltr'><strong>quod</strong></span> <span class='ocrx_word' id='word_1_125' title='bbox 441 1859 480 1924; x_wconf 85' lang='lat' dir='ltr'><strong>V.</strong></span> <span class='ocrx_word' id='word_1_126' title='bbox 502 1860 580 1920; x_wconf 83' lang='lat' dir='ltr'><strong>feris</strong></span> <span class='ocrx_word' id='word_1_127' title='bbox 601 1867 756 1920; x_wconf 76' lang='lat' dir='ltr'><strong>servotum</strong></span> <span class='ocrx_word' id='word_1_128' title='bbox 779 1866 836 1922; x_wconf 84' lang='lat' dir='ltr'><strong>est.</strong></span> <span class='ocrx_word' id='word_1_129' title='bbox 880 1860 924 1918; x_wconf 83' lang='lat' dir='ltr'><strong>Et</strong></span> <span class='ocrx_word' id='word_1_130' title='bbox 947 1861 1002 1937; x_wconf 91' lang='lat' dir='ltr'><strong>qui</strong></span> <span class='ocrx_word' id='word_1_131' title='bbox 1023 1859 1158 1920; x_wconf 87' lang='lat' dir='ltr'><strong>noluerit</strong></span> <span class='ocrx_word' id='word_1_132' title='bbox 1178 1861 1223 1920; x_wconf 93' lang='lat' dir='ltr'><strong>ibi</strong></span> 
     </span>
     <span class='ocr_line' id='line_1_17' title="bbox 111 1953 1222 2033; baseline 0.001 -22"><span class='ocrx_word' id='word_1_133' title='bbox 111 1953 332 2012; x_wconf 89' lang='lat' dir='ltr'><strong>communicsre</strong></span> <span class='ocrx_word' id='word_1_134' title='bbox 352 1955 439 2014; x_wconf 83' lang='lat' dir='ltr'><strong>redit</strong></span> <span class='ocrx_word' id='word_1_135' title='bbox 461 1974 516 2033; x_wconf 87' lang='lat' dir='ltr'><strong>per</strong></span> <span class='ocrx_word' id='word_1_136' title='bbox 529 1955 605 2014; x_wconf 82' lang='lat' dir='ltr'><strong>elius</strong></span> <span class='ocrx_word' id='word_1_137' title='bbox 620 1955 761 2015; x_wconf 79' lang='lat' dir='ltr'><strong>ecclesias</strong></span> <span class='ocrx_word' id='word_1_138' title='bbox 776 1955 892 2016; x_wconf 75' lang='lat' dir='ltr'><strong>Rornae</strong></span> <span class='ocrx_word' id='word_1_139' title='bbox 911 1974 965 2015; x_wconf 90' lang='lat' dir='ltr'><strong>seu</strong></span> <span class='ocrx_word' id='word_1_140' title='bbox 985 1973 1039 2032; x_wconf 89' lang='lat' dir='ltr'><strong>per</strong></span> <span class='ocrx_word' id='word_1_141' title='bbox 1059 1954 1168 2013; x_wconf 89' lang='lat' dir='ltr'><strong>titulos</strong></span> <span class='ocrx_word' id='word_1_142' title='bbox 1188 1960 1222 2014; x_wconf 88' lang='lat' dir='ltr'><strong>et</strong></span> 
     </span>
     <span class='ocr_line' id='line_1_18' title="bbox 112 2047 323 2106; baseline -0.005 0"><span class='ocrx_word' id='word_1_143' title='bbox 112 2047 323 2106; x_wconf 81' lang='lat' dir='ltr'><strong>communicet.</strong></span> 
     </span>
    </p>

    <p class='ocr_par' dir='ltr' id='par_1_3' title="bbox 112 2140 1224 3824">
     <span class='ocr_line' id='line_1_19' title="bbox 174 2140 1224 2223; baseline 0.002 -24"><span class='ocrx_word' id='word_1_144' title='bbox 174 2140 309 2201; x_wconf 80' lang='lat' dir='ltr'><strong>Sebbeto</strong></span> <span class='ocrx_word' id='word_1_145' title='bbox 341 2146 456 2213; x_wconf 82' lang='lat' dir='ltr'><strong>sencto,</strong></span> <span class='ocrx_word' id='word_1_146' title='bbox 484 2140 559 2201; x_wconf 83' lang='lat' dir='ltr'><strong>hore</strong></span> <span class='ocrx_word' id='word_1_147' title='bbox 592 2143 707 2223; x_wconf 81' lang='lat' dir='ltr'><strong>que(si)</strong></span> <span class='ocrx_word' id='word_1_148' title='bbox 736 2142 825 2216; x_wconf 68' lang='lat' dir='ltr'><strong>VH„</strong></span> <span class='ocrx_word' id='word_1_149' title='bbox 853 2140 1024 2221; x_wconf 74' lang='lat' dir='ltr'><strong>ingreditur</strong></span> <span class='ocrx_word' id='word_1_150' title='bbox 1058 2142 1156 2201; x_wconf 84' lang='lat' dir='ltr'><strong>clerus</strong></span> <span class='ocrx_word' id='word_1_151' title='bbox 1189 2141 1224 2201; x_wconf 90' lang='lat' dir='ltr'><strong>in</strong></span> 
     </span>
     <span class='ocr_line' id='line_1_20' title="bbox 113 2233 1220 2314; baseline 0.001 -22"><span class='ocrx_word' id='word_1_152' title='bbox 113 2235 305 2308; x_wconf 83' lang='lat' dir='ltr'><strong>eecclesism3</strong></span> <span class='ocrx_word' id='word_1_153' title='bbox 325 2254 397 2293; x_wconf 82' lang='lat' dir='ltr'><strong>nem</strong></span> <span class='ocrx_word' id='word_1_154' title='bbox 421 2234 549 2295; x_wconf 87' lang='lat' dir='ltr'><strong>domnus</strong></span> <span class='ocrx_word' id='word_1_155' title='bbox 570 2236 754 2314; x_wconf 71' lang='lat' dir='ltr'><strong>apostolicus</strong></span> <span class='ocrx_word' id='word_1_156' title='bbox 778 2255 850 2296; x_wconf 86' lang='lat' dir='ltr'><strong>non.</strong></span> <span class='ocrx_word' id='word_1_157' title='bbox 892 2233 1041 2293; x_wconf 83' lang='lat' dir='ltr'><strong>Evedunt</strong></span> <span class='ocrx_word' id='word_1_158' title='bbox 1063 2234 1103 2293; x_wconf 89' lang='lat' dir='ltr'><strong>ed</strong></span> <span class='ocrx_word' id='word_1_159' title='bbox 1125 2253 1220 2293; x_wconf 87' lang='lat' dir='ltr'><strong>secre-</strong></span> 
     </span>
     <span class='ocr_line' id='line_1_21' title="bbox 114 2327 1223 2408; baseline 0.002 -22"><span class='ocrx_word' id='word_1_160' title='bbox 114 2329 235 2401; x_wconf 78' lang='lat' dir='ltr'><strong>tarium,</strong></span> <span class='ocrx_word' id='word_1_161' title='bbox 257 2327 378 2388; x_wconf 84' lang='lat' dir='ltr'><strong>dieconi</strong></span> <span class='ocrx_word' id='word_1_162' title='bbox 397 2329 514 2389; x_wconf 90' lang='lat' dir='ltr'><strong>scilicet</strong></span> <span class='ocrx_word' id='word_1_163' title='bbox 534 2337 567 2389; x_wconf 91' lang='lat' dir='ltr'><strong>et</strong></span> <span class='ocrx_word' id='word_1_164' title='bbox 585 2330 762 2391; x_wconf 72' lang='lat' dir='ltr'><strong>subdianoni</strong></span> <span class='ocrx_word' id='word_1_165' title='bbox 783 2330 816 2389; x_wconf 89' lang='lat' dir='ltr'><strong>in</strong></span> <span class='ocrx_word' id='word_1_166' title='bbox 836 2329 977 2408; x_wconf 76' lang='lat' dir='ltr'><strong>planetis,</strong></span> <span class='ocrx_word' id='word_1_167' title='bbox 998 2336 1030 2388; x_wconf 93' lang='lat' dir='ltr'><strong>et</strong></span> <span class='ocrx_word' id='word_1_168' title='bbox 1051 2329 1223 2389; x_wconf 72' lang='lat' dir='ltr'><strong>accendunt</strong></span> 
     </span>
     <span class='ocr_line' id='line_1_22' title="bbox 116 2423 1224 2504; baseline 0.001 -21"><span class='ocrx_word' id='word_1_169' title='bbox 116 2423 176 2483; x_wconf 91' lang='lat' dir='ltr'><strong>duo</strong></span> <span class='ocrx_word' id='word_1_170' title='bbox 197 2424 360 2501; x_wconf 74' lang='lat' dir='ltr'><strong>regionarii</strong></span> <span class='ocrx_word' id='word_1_171' title='bbox 379 2443 434 2501; x_wconf 93' lang='lat' dir='ltr'><strong>per</strong></span> <span class='ocrx_word' id='word_1_172' title='bbox 454 2444 698 2504; x_wconf 89' lang='lat' dir='ltr'><strong>unumquemque</strong></span> <span class='ocrx_word' id='word_1_173' title='bbox 721 2425 839 2484; x_wconf 74' lang='lat' dir='ltr'><strong>foculus</strong></span> <span class='ocrx_word' id='word_1_174' title='bbox 860 2424 899 2484; x_wconf 92' lang='lat' dir='ltr'><strong>de</strong></span> <span class='ocrx_word' id='word_1_175' title='bbox 919 2425 985 2503; x_wconf 90' lang='lat' dir='ltr'><strong>ipso</strong></span> <span class='ocrx_word' id='word_1_176' title='bbox 1006 2424 1121 2483; x_wconf 88' lang='lat' dir='ltr'><strong>lumine</strong></span> <span class='ocrx_word' id='word_1_177' title='bbox 1141 2423 1224 2501; x_wconf 87' lang='lat' dir='ltr'><strong>quod</strong></span> 
     </span>
     <span class='ocr_line' id='line_1_23' title="bbox 115 2517 1223 2581; baseline 0.001 -4"><span class='ocrx_word' id='word_1_178' title='bbox 115 2517 153 2577; x_wconf 90' lang='lat' dir='ltr'><strong>de</strong></span> <span class='ocrx_word' id='word_1_179' title='bbox 180 2517 235 2581; x_wconf 89' lang='lat' dir='ltr'><strong>VI.</strong></span> <span class='ocrx_word' id='word_1_180' title='bbox 258 2517 337 2577; x_wconf 80' lang='lat' dir='ltr'><strong>ferie</strong></span> <span class='ocrx_word' id='word_1_181' title='bbox 358 2519 570 2579; x_wconf 75' lang='lat' dir='ltr'><strong>abscunditum</strong></span> <span class='ocrx_word' id='word_1_182' title='bbox 594 2527 642 2579; x_wconf 86' lang='lat' dir='ltr'><strong>est</strong></span> <span class='ocrx_word' id='word_1_183' title='bbox 668 2526 701 2580; x_wconf 90' lang='lat' dir='ltr'><strong>et</strong></span> <span class='ocrx_word' id='word_1_184' title='bbox 721 2520 852 2579; x_wconf 78' lang='lat' dir='ltr'><strong>veniunt</strong></span> <span class='ocrx_word' id='word_1_185' title='bbox 878 2518 918 2578; x_wconf 83' lang='lat' dir='ltr'><strong>ed</strong></span> <span class='ocrx_word' id='word_1_186' title='bbox 945 2520 1051 2578; x_wconf 80' lang='lat' dir='ltr'><strong>altere.</strong></span> <span class='ocrx_word' id='word_1_187' title='bbox 1093 2519 1223 2578; x_wconf 77' lang='lat' dir='ltr'><strong>Disconi</strong></span> 
     </span>
     <span class='ocr_line' id='line_1_24' title="bbox 115 2612 1222 2694; baseline 0 -23"><span class='ocrx_word' id='word_1_188' title='bbox 115 2619 201 2672; x_wconf 83' lang='lat' dir='ltr'><strong>stent</strong></span> <span class='ocrx_word' id='word_1_189' title='bbox 234 2613 274 2673; x_wconf 81' lang='lat' dir='ltr'><strong>sd</strong></span> <span class='ocrx_word' id='word_1_190' title='bbox 309 2613 410 2672; x_wconf 88' lang='lat' dir='ltr'><strong>sedern</strong></span> <span class='ocrx_word' id='word_1_191' title='bbox 436 2620 469 2673; x_wconf 93' lang='lat' dir='ltr'><strong>et</strong></span> <span class='ocrx_word' id='word_1_192' title='bbox 503 2615 634 2694; x_wconf 88' lang='lat' dir='ltr'><strong>episcopi</strong></span> <span class='ocrx_word' id='word_1_193' title='bbox 664 2613 774 2674; x_wconf 88' lang='lat' dir='ltr'><strong>sedent</strong></span> <span class='ocrx_word' id='word_1_194' title='bbox 800 2615 835 2673; x_wconf 92' lang='lat' dir='ltr'><strong>in</strong></span> <span class='ocrx_word' id='word_1_195' title='bbox 862 2613 959 2676; x_wconf 89' lang='lat' dir='ltr'><strong>choro.</strong></span> <span class='ocrx_word' id='word_1_196' title='bbox 1013 2613 1057 2672; x_wconf 83' lang='lat' dir='ltr'><strong>Et</strong></span> <span class='ocrx_word' id='word_1_197' title='bbox 1083 2612 1222 2673; x_wconf 82' lang='lat' dir='ltr'><strong>escendit</strong></span> 
     </span>
     <span class='ocr_line' id='line_1_25' title="bbox 115 2705 1223 2786; baseline 0.002 -22"><span class='ocrx_word' id='word_1_198' title='bbox 115 2706 210 2766; x_wconf 89' lang='lat' dir='ltr'><strong>lector</strong></span> <span class='ocrx_word' id='word_1_199' title='bbox 236 2707 270 2765; x_wconf 92' lang='lat' dir='ltr'><strong>in</strong></span> <span class='ocrx_word' id='word_1_200' title='bbox 298 2707 457 2766; x_wconf 78' lang='lat' dir='ltr'><strong>umbonem</strong></span> <span class='ocrx_word' id='word_1_201' title='bbox 483 2714 516 2767; x_wconf 92' lang='lat' dir='ltr'><strong>et</strong></span> <span class='ocrx_word' id='word_1_202' title='bbox 544 2708 619 2785; x_wconf 90' lang='lat' dir='ltr'><strong>legit</strong></span> <span class='ocrx_word' id='word_1_203' title='bbox 646 2708 806 2768; x_wconf 88' lang='lat' dir='ltr'><strong>lectionem</strong></span> <span class='ocrx_word' id='word_1_204' title='bbox 834 2726 962 2785; x_wconf 74' lang='lat' dir='ltr'><strong>grecam</strong></span> <span class='ocrx_word' id='word_1_205' title='bbox 1016 2705 1161 2786; x_wconf 80' lang='lat' dir='ltr'><strong>Sequitur</strong></span> <span class='ocrx_word' id='word_1_206' title='bbox 1183 2705 1223 2767; x_wconf 71' lang='lat' dir='ltr'><strong>Ie</strong></span> 
     </span>
     <span class='ocr_line' id='line_1_26' title="bbox 112 2798 1222 2878; baseline 0 -19"><span class='ocrx_word' id='word_1_207' title='bbox 112 2798 256 2878; x_wconf 72' lang='lat' dir='ltr'><strong>principio</strong></span> <span class='ocrx_word' id='word_1_208' title='bbox 278 2806 311 2858; x_wconf 87' lang='lat' dir='ltr'><strong>et</strong></span> <span class='ocrx_word' id='word_1_209' title='bbox 333 2801 484 2859; x_wconf 71' lang='lat' dir='ltr'><strong>orationes</strong></span> <span class='ocrx_word' id='word_1_210' title='bbox 505 2807 538 2860; x_wconf 92' lang='lat' dir='ltr'><strong>et</strong></span> <span class='ocrx_word' id='word_1_211' title='bbox 559 2800 724 2861; x_wconf 65' lang='lat' dir='ltr'><strong>Electum</strong></span> <span class='ocrx_word' id='word_1_212' title='bbox 744 2820 839 2878; x_wconf 76' lang='lat' dir='ltr'><strong>genua</strong></span> <span class='ocrx_word' id='word_1_213' title='bbox 860 2806 893 2860; x_wconf 86' lang='lat' dir='ltr'><strong>et</strong></span> <span class='ocrx_word' id='word_1_214' title='bbox 914 2806 1042 2861; x_wconf 77' lang='lat' dir='ltr'><strong>tractus.</strong></span> <span class='ocrx_word' id='word_1_215' title='bbox 1084 2801 1128 2860; x_wconf 84' lang='lat' dir='ltr'><strong>Et</strong></span> <span class='ocrx_word' id='word_1_216' title='bbox 1150 2800 1222 2860; x_wconf 89' lang='lat' dir='ltr'><strong>dnm</strong></span> 
     </span>
     <span class='ocr_line' id='line_1_27' title="bbox 114 2894 1222 2972; baseline 0.002 -19"><span class='ocrx_word' id='word_1_217' title='bbox 114 2894 171 2953; x_wconf 91' lang='lat' dir='ltr'><strong>hoc</strong></span> <span class='ocrx_word' id='word_1_218' title='bbox 198 2895 383 2972; x_wconf 91' lang='lat' dir='ltr'><strong>completum</strong></span> <span class='ocrx_word' id='word_1_219' title='bbox 409 2895 514 2968; x_wconf 84' lang='lat' dir='ltr'><strong>fuerit,</strong></span> <span class='ocrx_word' id='word_1_220' title='bbox 542 2895 728 2956; x_wconf 86' lang='lat' dir='ltr'><strong>descendent</strong></span> <span class='ocrx_word' id='word_1_221' title='bbox 761 2895 801 2955; x_wconf 80' lang='lat' dir='ltr'><strong>ed</strong></span> <span class='ocrx_word' id='word_1_222' title='bbox 828 2896 930 2956; x_wconf 87' lang='lat' dir='ltr'><strong>fontes</strong></span> <span class='ocrx_word' id='word_1_223' title='bbox 957 2903 991 2955; x_wconf 89' lang='lat' dir='ltr'><strong>et</strong></span> <span class='ocrx_word' id='word_1_224' title='bbox 1018 2895 1093 2955; x_wconf 90' lang='lat' dir='ltr'><strong>dicit</strong></span> <span class='ocrx_word' id='word_1_225' title='bbox 1120 2895 1222 2955; x_wconf 83' lang='lat' dir='ltr'><strong>schole</strong></span> 
     </span>
     <span class='ocr_line' id='line_1_28' title="bbox 113 2987 1220 3069; baseline 0.001 -22"><span class='ocrx_word' id='word_1_226' title='bbox 113 2995 272 3049; x_wconf 80' lang='lat' dir='ltr'><strong>cantorum</strong></span> <span class='ocrx_word' id='word_1_227' title='bbox 306 2989 440 3048; x_wconf 75' lang='lat' dir='ltr'><strong>laetania</strong></span> <span class='ocrx_word' id='word_1_228' title='bbox 473 2988 538 3052; x_wconf 89' lang='grc' dir='ltr'><strong>ΙΙΙ.</strong></span> <span class='ocrx_word' id='word_1_229' title='bbox 562 2991 690 3064; x_wconf 83' lang='lat' dir='ltr'><strong>vicibus,</strong></span> <span class='ocrx_word' id='word_1_230' title='bbox 720 2987 830 3050; x_wconf 78' lang='lat' dir='ltr'><strong>Otriste</strong></span> <span class='ocrx_word' id='word_1_231' title='bbox 858 2991 931 3050; x_wconf 80' lang='lat' dir='ltr'><strong>aedi</strong></span> <span class='ocrx_word' id='word_1_232' title='bbox 957 3010 1008 3050; x_wconf 80' lang='lat' dir='ltr'><strong>cos</strong></span> <span class='ocrx_word' id='word_1_233' title='bbox 1034 2996 1067 3050; x_wconf 91' lang='lat' dir='ltr'><strong>et</strong></span> <span class='ocrx_word' id='word_1_234' title='bbox 1094 2991 1220 3069; x_wconf 83' lang='lat' dir='ltr'><strong>relique.</strong></span> 
     </span>
     <span class='ocr_line' id='line_1_29' title="bbox 114 3083 1221 3163; baseline 0.002 -20"><span class='ocrx_word' id='word_1_235' title='bbox 114 3084 226 3144; x_wconf 78' lang='lat' dir='ltr'><strong>Pontes</strong></span> <span class='ocrx_word' id='word_1_236' title='bbox 251 3083 405 3143; x_wconf 76' lang='lat' dir='ltr'><strong>benedicit</strong></span> <span class='ocrx_word' id='word_1_237' title='bbox 433 3083 561 3144; x_wconf 87' lang='lat' dir='ltr'><strong>domnus</strong></span> <span class='ocrx_word' id='word_1_238' title='bbox 587 3105 667 3163; x_wconf 85' lang='lat' dir='ltr'><strong>pepe</strong></span> <span class='ocrx_word' id='word_1_239' title='bbox 693 3085 819 3157; x_wconf 84' lang='lat' dir='ltr'><strong>fontem,</strong></span> <span class='ocrx_word' id='word_1_240' title='bbox 849 3091 881 3144; x_wconf 91' lang='lat' dir='ltr'><strong>et</strong></span> <span class='ocrx_word' id='word_1_241' title='bbox 908 3083 982 3145; x_wconf 90' lang='lat' dir='ltr'><strong>dum</strong></span> <span class='ocrx_word' id='word_1_242' title='bbox 1009 3084 1096 3143; x_wconf 85' lang='lat' dir='ltr'><strong>venit</strong></span> <span class='ocrx_word' id='word_1_243' title='bbox 1123 3085 1157 3143; x_wconf 92' lang='lat' dir='ltr'><strong>in</strong></span> <span class='ocrx_word' id='word_1_244' title='bbox 1184 3104 1221 3145; x_wconf 91' lang='lat' dir='ltr'><strong>eo</strong></span> 
     </span>
     <span class='ocr_line' id='line_1_30' title="bbox 114 3176 1223 3257; baseline 0.003 -21"><span class='ocrx_word' id='word_1_245' title='bbox 114 3176 180 3237; x_wconf 90' lang='lat' dir='ltr'><strong>loco</strong></span> <span class='ocrx_word' id='word_1_246' title='bbox 199 3177 254 3237; x_wconf 86' lang='lat' dir='ltr'><strong>ubi</strong></span> <span class='ocrx_word' id='word_1_247' title='bbox 274 3177 350 3238; x_wconf 87' lang='lat' dir='ltr'><strong>dicit</strong></span> <span class='ocrx_word' id='word_1_248' title='bbox 364 3176 529 3237; x_wconf 77' lang='lat' dir='ltr'><strong>Deeccodct</strong></span> <span class='ocrx_word' id='word_1_249' title='bbox 550 3178 582 3238; x_wconf 77' lang='lat' dir='ltr'><strong>ie</strong></span> <span class='ocrx_word' id='word_1_250' title='bbox 602 3178 676 3238; x_wconf 70' lang='lat' dir='ltr'><strong>sam</strong></span> <span class='ocrx_word' id='word_1_251' title='bbox 694 3176 915 3257; x_wconf 76' lang='lat' dir='ltr'><strong>plenitudinem,</strong></span> <span class='ocrx_word' id='word_1_252' title='bbox 930 3177 1084 3255; x_wconf 87' lang='lat' dir='ltr'><strong>deponent</strong></span> <span class='ocrx_word' id='word_1_253' title='bbox 1106 3178 1223 3239; x_wconf 78' lang='lat' dir='ltr'><strong>fscules</strong></span> 
     </span>
     <span class='ocr_line' id='line_1_31' title="bbox 113 3270 1223 3350; baseline 0 -20"><span class='ocrx_word' id='word_1_254' title='bbox 113 3272 276 3349; x_wconf 75' lang='lat' dir='ltr'><strong>regionarii</strong></span> <span class='ocrx_word' id='word_1_255' title='bbox 297 3272 350 3350; x_wconf 89' lang='lat' dir='ltr'><strong>qui</strong></span> <span class='ocrx_word' id='word_1_256' title='bbox 369 3271 438 3331; x_wconf 82' lang='lat' dir='ltr'><strong>illes</strong></span> <span class='ocrx_word' id='word_1_257' title='bbox 458 3278 564 3332; x_wconf 86' lang='lat' dir='ltr'><strong>tenent</strong></span> <span class='ocrx_word' id='word_1_258' title='bbox 583 3272 617 3331; x_wconf 92' lang='lat' dir='ltr'><strong>in</strong></span> <span class='ocrx_word' id='word_1_259' title='bbox 638 3271 749 3331; x_wconf 83' lang='lat' dir='ltr'><strong>fontes.</strong></span> <span class='ocrx_word' id='word_1_260' title='bbox 792 3270 835 3329; x_wconf 87' lang='lat' dir='ltr'><strong>Et</strong></span> <span class='ocrx_word' id='word_1_261' title='bbox 857 3270 930 3330; x_wconf 91' lang='lat' dir='ltr'><strong>dum</strong></span> <span class='ocrx_word' id='word_1_262' title='bbox 944 3271 1082 3348; x_wconf 83' lang='lat' dir='ltr'><strong>complet,</strong></span> <span class='ocrx_word' id='word_1_263' title='bbox 1098 3278 1223 3350; x_wconf 75' lang='lat' dir='ltr'><strong>sparget</strong></span> 
     </span>
     <span class='ocr_line' id='line_1_32' title="bbox 113 3364 1223 3444; baseline 0 -20"><span class='ocrx_word' id='word_1_264' title='bbox 113 3364 152 3424; x_wconf 90' lang='lat' dir='ltr'><strong>de</strong></span> <span class='ocrx_word' id='word_1_265' title='bbox 180 3384 260 3443; x_wconf 77' lang='lat' dir='ltr'><strong>eque</strong></span> <span class='ocrx_word' id='word_1_266' title='bbox 287 3384 377 3443; x_wconf 88' lang='lat' dir='ltr'><strong>super</strong></span> <span class='ocrx_word' id='word_1_267' title='bbox 404 3364 549 3443; x_wconf 88' lang='lat' dir='ltr'><strong>populum</strong></span> <span class='ocrx_word' id='word_1_268' title='bbox 576 3371 610 3424; x_wconf 90' lang='lat' dir='ltr'><strong>et</strong></span> <span class='ocrx_word' id='word_1_269' title='bbox 642 3365 685 3424; x_wconf 92' lang='lat' dir='ltr'><strong>sic</strong></span> <span class='ocrx_word' id='word_1_270' title='bbox 717 3365 823 3425; x_wconf 78' lang='lat' dir='ltr'><strong>initiet</strong></span> <span class='ocrx_word' id='word_1_271' title='bbox 855 3366 1020 3442; x_wconf 76' lang='lat' dir='ltr'><strong>baptisare.</strong></span> <span class='ocrx_word' id='word_1_272' title='bbox 1077 3366 1119 3424; x_wconf 83' lang='lat' dir='ltr'><strong>Et</strong></span> <span class='ocrx_word' id='word_1_273' title='bbox 1152 3372 1223 3444; x_wconf 88' lang='lat' dir='ltr'><strong>post</strong></span> 
     </span>
     <span class='ocr_line' id='line_1_33' title="bbox 113 3457 1223 3537; baseline 0.001 -19"><span class='ocrx_word' id='word_1_274' title='bbox 113 3477 205 3536; x_wconf 81' lang='lat' dir='ltr'><strong>quem</strong></span> <span class='ocrx_word' id='word_1_275' title='bbox 224 3460 362 3537; x_wconf 72' lang='lat' dir='ltr'><strong>baptizet</strong></span> <span class='ocrx_word' id='word_1_276' title='bbox 384 3458 468 3521; x_wconf 91' lang='lat' dir='ltr'>IIII.</span> <span class='ocrx_word' id='word_1_277' title='bbox 488 3459 537 3518; x_wconf 87' lang='lat' dir='ltr'><strong>vel</strong></span> <span class='ocrx_word' id='word_1_278' title='bbox 561 3457 602 3520; x_wconf 84' lang='lat' dir='ltr'><strong>V.</strong></span> <span class='ocrx_word' id='word_1_279' title='bbox 624 3459 770 3531; x_wconf 78' lang='lat' dir='ltr'><strong>intentes,</strong></span> <span class='ocrx_word' id='word_1_280' title='bbox 792 3460 876 3517; x_wconf 84' lang='lat' dir='ltr'><strong>exiet</strong></span> <span class='ocrx_word' id='word_1_281' title='bbox 900 3458 983 3518; x_wconf 83' lang='lat' dir='ltr'><strong>fores</strong></span> <span class='ocrx_word' id='word_1_282' title='bbox 1009 3464 1042 3518; x_wconf 91' lang='lat' dir='ltr'><strong>et</strong></span> <span class='ocrx_word' id='word_1_283' title='bbox 1063 3459 1223 3536; x_wconf 75' lang='lat' dir='ltr'><strong>baptizent</strong></span> 
     </span>
     <span class='ocr_line' id='line_1_34' title="bbox 113 3553 1220 3632; baseline 0.003 -20"><span class='ocrx_word' id='word_1_284' title='bbox 113 3555 274 3632; x_wconf 85' lang='lat' dir='ltr'><strong>presbiteri</strong></span> <span class='ocrx_word' id='word_1_285' title='bbox 296 3560 329 3614; x_wconf 92' lang='lat' dir='ltr'><strong>et</strong></span> <span class='ocrx_word' id='word_1_286' title='bbox 351 3553 411 3613; x_wconf 89' lang='lat' dir='ltr'><strong>duo</strong></span> <span class='ocrx_word' id='word_1_287' title='bbox 432 3554 552 3614; x_wconf 73' lang='lat' dir='ltr'><strong>diaconi</strong></span> <span class='ocrx_word' id='word_1_288' title='bbox 573 3559 606 3613; x_wconf 91' lang='lat' dir='ltr'><strong>et</strong></span> <span class='ocrx_word' id='word_1_289' title='bbox 628 3553 681 3613; x_wconf 89' lang='lat' dir='ltr'><strong>ille</strong></span> <span class='ocrx_word' id='word_1_290' title='bbox 700 3560 805 3632; x_wconf 84' lang='lat' dir='ltr'><strong>poetes</strong></span> <span class='ocrx_word' id='word_1_291' title='bbox 825 3553 987 3631; x_wconf 79' lang='lat' dir='ltr'><strong>consignet</strong></span> <span class='ocrx_word' id='word_1_292' title='bbox 1010 3559 1044 3614; x_wconf 85' lang='lat' dir='ltr'><strong>et</strong></span> <span class='ocrx_word' id='word_1_293' title='bbox 1065 3553 1220 3615; x_wconf 69' lang='lat' dir='ltr'><strong>chrismat.</strong></span> 
     </span>
     <span class='ocr_line' id='line_1_35' title="bbox 115 3646 1222 3709; baseline 0 0"><span class='ocrx_word' id='word_1_294' title='bbox 115 3648 226 3709; x_wconf 86' lang='lat' dir='ltr'><strong>Postee</strong></span> <span class='ocrx_word' id='word_1_295' title='bbox 239 3648 316 3708; x_wconf 80' lang='lat' dir='ltr'><strong>fecit</strong></span> <span class='ocrx_word' id='word_1_296' title='bbox 336 3650 434 3708; x_wconf 89' lang='lat' dir='ltr'><strong>clerus</strong></span> <span class='ocrx_word' id='word_1_297' title='bbox 447 3655 479 3707; x_wconf 89' lang='lat' dir='ltr'><strong>et</strong></span> <span class='ocrx_word' id='word_1_298' title='bbox 493 3648 624 3709; x_wconf 83' lang='lat' dir='ltr'><strong>leteniss</strong></span> <span class='ocrx_word' id='word_1_299' title='bbox 645 3646 691 3706; x_wconf 92' lang='lat' dir='ltr'><strong>II.</strong></span> <span class='ocrx_word' id='word_1_300' title='bbox 705 3654 738 3708; x_wconf 88' lang='lat' dir='ltr'><strong>et</strong></span> <span class='ocrx_word' id='word_1_301' title='bbox 759 3648 878 3707; x_wconf 81' lang='lat' dir='ltr'><strong>interes</strong></span> <span class='ocrx_word' id='word_1_302' title='bbox 897 3647 1020 3708; x_wconf 84' lang='lat' dir='ltr'><strong>intrent</strong></span> <span class='ocrx_word' id='word_1_303' title='bbox 1039 3648 1079 3708; x_wconf 82' lang='lat' dir='ltr'><strong>ed</strong></span> <span class='ocrx_word' id='word_1_304' title='bbox 1099 3649 1222 3709; x_wconf 74' lang='lat' dir='ltr'><strong>missam</strong></span> 
     </span>
     <span class='ocr_line' id='line_1_36' title="bbox 112 3740 1223 3824; baseline 0.002 -20"><span class='ocrx_word' id='word_1_305' title='bbox 112 3744 176 3824; x_wconf 82' lang='lat' dir='ltr'><strong>jem</strong></span> <span class='ocrx_word' id='word_1_306' title='bbox 196 3762 272 3818; x_wconf 88' lang='lat' dir='ltr'><strong>sero,</strong></span> <span class='ocrx_word' id='word_1_307' title='bbox 293 3749 326 3805; x_wconf 91' lang='lat' dir='ltr'><strong>et</strong></span> <span class='ocrx_word' id='word_1_308' title='bbox 346 3743 423 3804; x_wconf 88' lang='lat' dir='ltr'><strong>dicit</strong></span> <span class='ocrx_word' id='word_1_309' title='bbox 438 3742 541 3804; x_wconf 77' lang='lat' dir='ltr'><strong>Gloria</strong></span> <span class='ocrx_word' id='word_1_310' title='bbox 554 3743 587 3802; x_wconf 78' lang='lat' dir='ltr'><strong>ic</strong></span> <span class='ocrx_word' id='word_1_311' title='bbox 600 3741 719 3803; x_wconf 70' lang='lat' dir='ltr'><strong>eccelsia</strong></span> <span class='ocrx_word' id='word_1_312' title='bbox 733 3740 843 3803; x_wconf 84' lang='lat' dir='ltr'><strong>Decet</strong></span> <span class='ocrx_word' id='word_1_313' title='bbox 857 3741 1025 3824; x_wconf 58' lang='lat' dir='ltr'><strong>Metuis),</strong></span> <span class='ocrx_word' id='word_1_314' title='bbox 1043 3740 1223 3824; x_wconf 77' lang='lat' dir='ltr'><strong>Oorfitemiri</strong></span> 
     </span>
    </p>
   </div>
   <div class='ocr_carea' id='block_1_3' title="bbox 412 4000 901 4160">
    <p class='ocr_par' dir='ltr' id='par_1_4' title="bbox 412 4000 901 4160">
     <span class='ocr_line' id='line_1_37' title="bbox 413 4000 691 4074; baseline -0.007 -17"><span class='ocrx_word' id='word_1_315' title='bbox 413 4003 449 4074; x_wconf 86' lang='lat' dir='ltr'><strong>(i)</strong></span> <span class='ocrx_word' id='word_1_316' title='bbox 467 4000 624 4058; x_wconf 69' lang='lat' dir='ltr'><strong>mmmmm</strong></span> <span class='ocrx_word' id='word_1_317' title='bbox 635 4002 691 4058; x_wconf 73' lang='lat' dir='ltr'><strong>eo.</strong></span> 
     </span>
     <span class='ocr_line' id='line_1_38' title="bbox 412 4083 901 4160; baseline 0.006 -19"><span class='ocrx_word' id='word_1_318' title='bbox 412 4084 456 4160; x_wconf 91' lang='lat' dir='ltr'><strong>(ii)</strong></span> <span class='ocrx_word' id='word_1_319' title='bbox 474 4085 514 4145; x_wconf 80' lang='lat' dir='ltr'><strong>Gi.</strong></span> <span class='ocrx_word' id='word_1_320' title='bbox 527 4083 687 4157; x_wconf 83' lang='lat' dir='ltr'><strong>Amelerius,</strong></span> <span class='ocrx_word' id='word_1_321' title='bbox 699 4085 740 4142; x_wconf 82' lang='lat' dir='ltr'><strong>Dc</strong></span> <span class='ocrx_word' id='word_1_322' title='bbox 756 4083 815 4158; x_wconf 71' lang='lat' dir='ltr'><strong>Off,</strong></span> <span class='ocrx_word' id='word_1_323' title='bbox 829 4083 845 4144; x_wconf 88' lang='lat' dir='ltr'><strong>i</strong></span> <span class='ocrx_word' id='word_1_324' title='bbox 859 4087 901 4145; x_wconf 86' lang='lat'><strong>15.</strong></span> 
     </span>
    </p>
   </div>
   <div class='ocr_carea' id='block_1_4' title="bbox 0 0 1414 4816">
    <p class='ocr_par' dir='ltr' id='par_1_5' title="bbox 0 0 1414 4816">
     <span class='ocr_line' id='line_1_39' title="bbox 0 0 1414 4816; baseline 0 0"><span class='ocrx_word' id='word_1_325' title='bbox 0 0 1414 4816; x_wconf 95' lang='lat' dir='ltr'><strong> </strong></span> 
     </span>
    </p>
   </div>
  </div>
 </body>
</html>
