2814 4816
363 437 569 489 oraruourus
591 438 632 488 or
653 437 831 488 cnmsrrsu
853 436 1047 488 rurrrsrrou.
1195 415 1258 481 311

154 601 169 624 ‘⁶
187 595 301 659 Eaater
323 593 492 681 baptism‚”
508 596 564 662 the
586 606 671 662 most
693 595 857 681 impoeing
877 596 913 660 of
939 595 985 659 all
1007 594 1064 659 the
1093 591 1260 678 pontifical

153 699 354 766 ceremonias.
399 698 454 765 He
468 701 600 766 entered
617 709 652 765 at
666 701 723 765 the
743 698 826 764 head
848 699 885 764 cf
904 721 924 764 a
946 695 1129 782 procession
1151 693 1260 759 before

152 801 257 867 which
282 808 347 867 two
369 810 460 888 great
482 809 590 888 tapcrs
617 824 700 868 were
723 802 831 880 borne,
847 801 903 867 the
926 801 1042 886 litany,
1056 795 1261 872 meanwhile,

152 904 247 992 being
269 928 360 991 sung.
404 907 514 973 When
536 908 602 972 this
618 927 684 971 was
706 906 820 984 ended,
843 906 898 972 the
921 907 1018 991 Pope‚
1042 904 1194 987 standing
1215 900 1261 984 by

152 1008 206 1073 the
227 1010 308 1089 font,
324 1010 451 1077 saluted
470 1011 526 1077 the
541 1012 766 1097 congregation
788 1010 852 1075 and
874 1010 980 1075 called
1001 1028 1090 1092 upon
1112 1006 1203 1071 them
1224 1009 1259 1067 to

148 1112 218 1194 join
232 1114 267 1176 in
279 1114 336 1179 the
349 1113 497 1179 rodatico
519 1135 643 1200 prayer,
659 1113 767 1179 which
782 1133 848 1179 was
870 1111 1096 1195 immediately
1111 1104 1262 1174 followed

152 1215 197 1298 by
211 1237 230 1279 a
245 1237 360 1302 prayer
374 1218 412 1282 of
430 1219 613 1282 cuclmrietc'c
629 1219 803 1283 character.
848 1215 917 1282 The
940 1216 1109 1299 following
1130 1232 1184 1277 arc
1206 1210 1262 1276 the

151 1317 354 1385 formulmies
378 1321 414 1385 of
440 1320 497 1386 the
522 1322 654 1387 ancient
678 1321 958 1398 Sacramentaries,
981 1319 1089 1384 which
1114 1337 1168 1382 are
1191 1313 1263 1381 still

152 1444 189 1486 m
204 1445 261 1489 use
274 1449 327 1489 2-

206 1635 390 1707 Omnipotens,
402 1635 571 1708 sempiterne,
584 1637 665 1707 Deus,
678 1636 771 1692 adesto
790 1653 904 1709 magnae
921 1634 1028 1709 pietatis
1040 1639 1103 1690 tuae
1120 1630 1262 1703 mysteriis,

152 1718 245 1774 adesto
274 1719 466 1788 sacramentis3
497 1725 526 1776 et
554 1720 589 1775 ad
619 1720 748 1776 creandos
771 1739 856 1777 noros
886 1719 998 1793 populos
1026 1735 1094 1790 quos
1124 1716 1171 1771 tibi
1202 1714 1261 1770 fons

152 1800 318 1873 baptismatis
347 1803 461 1876 parturit
486 1803 607 1875 spiritum
635 1804 785 1877 adoptionis
809 1804 917 1873 emitte;
948 1810 977 1859 et
1000 1803 1073 1876 quod
1101 1799 1262 1856 humilitatis

152 1893 261 1942 nostrae
273 1887 419 1957 gerendum
432 1892 473 1943 est
484 1887 631 1943 ministerio
643 1893 705 1944 tuac
718 1887 824 1944 virtutis
836 1887 1001 1960 compleatur
1013 1888 1119 1943 effectu.

206 1973 277 2026 Vere
289 1971 400 2042 dignum
418 2014 424 2027 .
444 2013 451 2026 .
471 2013 478 2027 .
496 1973 695 2039 actemeDeus,
708 1972 755 2043 qni
773 1971 898 2027 invisibili
916 1971 1037 2043 potentia
1048 1977 1096 2024 tua
1108 1984 1260 2024 sacramen·

152 2060 240 2108 torum
253 2061 359 2109 tuorum
372 2054 527 2110 mirabiliter
539 2055 655 2126 operaris
667 2057 803 2111 effectum.
841 2056 877 2110 ut
894 2054 957 2110 licet
975 2071 1024 2109 noe
1035 2052 1117 2108 tantis
1128 2049 1263 2122 mysteriis

152 2136 317 2208 exequendis
328 2136 412 2193 simus
430 2136 539 2208 indigni,
551 2143 582 2192 tu
599 2144 690 2194 tamen
702 2138 803 2208 gratiae
819 2144 882 2193 tuac
895 2137 966 2192 dona
977 2154 1032 2191 non
1043 2136 1168 2192 descrens
1180 2134 1262 2190 etism

151 2221 188 2275 ad
200 2227 304 2276 nostras
320 2239 413 2292 preces
425 2239 503 2277 aures
520 2227 584 2277 tuae
601 2222 709 2295 piatatis
726 2221 833 2279 inclina.
869 2223 950 2292 Deus,
964 2223 1039 2294 cujus
1056 2221 1165 2294 spiritus
1182 2236 1264 2292 super

151 2322 235 2376 aquae
247 2304 316 2360 inter
327 2305 385 2377 ipsa
397 2305 489 2360 mundi
506 2305 649 2377 primordia
660 2305 802 2374 ferebatur,
815 2309 847 2362 ut
854 2305 911 2378 jam
920 2311 985 2361 tunc
997 2305 1127 2360 virtutem
1140 2302 1260 2358 sanctifi·

152 2385 265 2441 cationis
282 2404 411 2458 aquarum
429 2393 525 2442 namra
542 2388 708 2460 conciperet;
733 2389 814 2458 Deua,
833 2388 880 2461 qui
898 2387 1018 2443 nocentis
1036 2385 1129 2442 mundi
1150 2383 1262 2441 crimina

151 2485 200 2540 par
212 2486 296 2541 aquae
307 2469 419 2525 abluens
430 2471 639 2541 regenerationis
650 2471 766 2543 speciem
778 2472 806 2526 in
818 2472 875 2544 ipsa
886 2470 979 2526 diluvii
990 2471 1126 2526 effusione
1140 2465 1263 2540 signasti,

152 2558 183 2605 ut
205 2552 285 2606 unius
305 2551 478 2624 ejusdemque
498 2552 623 2608 elementi
646 2555 804 2625 mysterium
827 2561 856 2609 et
875 2555 936 2609 finis
954 2560 1025 2610 esset
1045 2553 1117 2608 vitiis
1138 2559 1167 2608 et
1188 2551 1263 2623 origo

152 2635 275 2703 vinctim
299 2635 409 2707 respice,
428 2637 552 2704 Domina,
571 2637 599 2691 in
617 2637 713 2693 faciem
731 2637 867 2693 Ecclesiae
885 2645 948 2693 tuae
966 2645 995 2693 et
1013 2636 1164 2709 multiplica
1181 2636 1209 2691 in
1228 2652 1262 2691 aa

151 2719 338 2791 generationes
356 2727 425 2791 tuas,
442 2722 488 2794 qui
506 2723 607 2793 gratiae
625 2729 688 2778 tuae
706 2722 836 2778 effluentis
854 2722 956 2794 impetu
973 2721 1106 2778 laetificas
1124 2721 1262 2777 civitatem

151 2812 225 2860 tuam
234 2805 391 2878 fontemque
403 2807 572 2879 baptismatis
584 2808 670 2880 aperis
682 2815 740 2863 toto
747 2807 812 2865 orbe
818 2813 949 2863 terrarum
961 2807 1087 2878 gentibus
1095 2805 1262 2875 innovandis,

152 2894 183 2943 ut
194 2894 257 2944 tuae
269 2889 417 2960 majestatis
434 2890 545 2961 imperio
554 2898 641 2947 sumat
659 2891 798 2963 Unigeniti
815 2892 854 2946 tui
871 2891 984 2961 gratiam
999 2891 1033 2946 dc
1046 2891 1148 2964 Spiritu
1160 2895 1264 2957 sancto,

150 2973 197 3044 qui
212 2972 281 3028 hanc
292 2990 393 3044 aquam
404 2973 592 3044 regenerandis
606 2974 757 3029 hominibus
774 2980 958 3046 praeparatam
977 2991 1075 3030 aroana
1091 2973 1134 3028 eui
1152 2971 1261 3027 luminis

151 3056 318 3112 admixtione
336 3056 482 3125 fecundet;
506 3065 537 3113 ut
560 3057 770 3114 sanctificatione
787 3064 918 3129 concepta
935 3058 970 3112 ab
989 3056 1159 3112 immaculato
1178 3055 1262 3111 divini

151 3137 233 3195 fontis
244 3146 319 3194 utero
337 3139 365 3194 in
383 3156 482 3194 novam
501 3148 595 3196 renata
612 3148 762 3196 creaturam
778 3140 918 3212 progenies
935 3140 1061 3196 caelestis
1078 3146 1216 3211 emergat3
1234 3145 1263 3195 ct

151 3243 218 3296 quoe
237 3232 284 3281 aut
301 3244 379 3282 sexos
397 3227 425 3281 in
437 3244 546 3299 corpore
559 3234 606 3282 aut
622 3235 697 3283 aetas
709 3228 836 3283 discamit
853 3228 882 3282 in
894 3233 1016 3300 tempore
1028 3244 1121 3282 omncs
1138 3227 1166 3281 in
1179 3243 1261 3282 unam

152 3312 239 3382 pariat
259 3312 345 3384 gratia
360 3319 448 3368 mater
466 3312 615 3369 infantiam.
661 3313 755 3370 Procul
776 3331 839 3386 ergo
860 3313 931 3382 hinc,
950 3312 1064 3385 jubente
1080 3319 1117 3382 tc,
1136 3311 1261 3378 Domina,

152 3402 238 3456 omnis
250 3401 358 3474 spiritus
370 3401 523 3457 immundus
536 3401 677 3471 abscedat,
696 3401 788 3474 procul
800 3407 858 3457 tota
868 3400 988 3473 nequitia
997 3399 1145 3456 diabolicae
1158 3398 1260 3455 fraudis

151 3484 270 3541 absistat.
306 3485 381 3540 Nihil
399 3485 443 3542 hic
464 3485 516 3541 loci
535 3484 634 3541 habeat
651 3487 799 3542 conhariae
816 3484 926 3546 virtutis
943 3483 1101 3552 ammixti03
1126 3501 1182 3538 non
1199 3481 1263 3538 insi·

152 3567 251 3623 diendo
264 3568 449 3635 circumvolet,
461 3586 516 3624 non
534 3568 643 3626 latendo
654 3569 792 3642 subripiat,
804 3587 858 3625 non
870 3567 1012 3624 inficiendo
1024 3572 1184 3639 corrumpet.
1222 3565 1264 3622 sit

152 3652 219 3707 haec
232 3659 326 3707 sancta
338 3659 365 3708 et
382 3653 510 3708 innocens
522 3660 645 3710 creatura
662 3653 745 3709 libera
757 3654 792 3709 ab
805 3653 878 3710 omni
896 3652 1089 3726 impugnatoria
1106 3651 1221 3721 incursu,
1234 3655 1264 3705 et

151 3735 233 3791 totius
244 3736 380 3808 nequitiae
396 3743 509 3808 purgata
526 3735 654 3794 discessu.
692 3737 734 3794 Sit
745 3737 806 3793 fons
818 3737 897 3793 virus
908 3754 995 3809 aquae
1008 3752 1177 3807 regenerans,
1190 3734 1263 3789 unda

153 3819 302 3891 purificans,
325 3827 356 3874 ut
379 3837 472 3875 omnes
496 3820 548 3876 hoc
579 3820 685 3877 lavacro
711 3821 848 3877 salutifero
869 3820 995 3891 diluendi,
1021 3825 1148 3892 operante
1173 3817 1200 3872 in
1224 3816 1264 3872 eie

151 3904 251 3975 Spiritu
268 3908 361 3958 sancto
380 3904 500 3975 perfecti,
521 3905 685 3977 purgationis
710 3904 904 3975 indulgentiam
926 3909 1133 3974 consequantur.
1178 3899 1258 3957 Unde

152 3986 281 4043 benedico
300 3992 335 4055 te,
346 3993 469 4042 creatura
485 4005 579 4059 aquae,
598 4005 647 4060 per
664 3989 751 4044 mum
771 3988 873 4055 rivum,
891 4004 940 4060 per
958 3988 1046 4041 Deum
1063 3991 1196 4052 sanctum,
1212 4000 1262 4056 per

152 4069 238 4124 Deum
250 4068 297 4135 qui
309 4075 337 4124 ta
346 4069 374 4123 in
387 4069 516 4142 principio
528 4069 612 4126 verbo
624 4072 759 4144 separavit
770 4070 805 4126 ab
818 4069 928 4126 aridaet
939 4069 968 4125 in
979 4074 1097 4141 quatuor
1109 4066 1265 4124 fluminibus

149 4160 234 4209 totam
246 4161 345 4209 terram
357 4154 443 4225 rigare
459 4155 604 4227 praecepit,
616 4155 663 4227 qui
680 4160 709 4210 te
728 4154 755 4209 in
769 4154 875 4211 desorto
892 4170 1011 4210 amarem
1028 4152 1162 4210 manate
1178 4149 1264 4207 indita
