2814 4816
378 425 445 475 nnn
465 423 741 476 urcoucmruroa
763 422 805 473 er
827 421 1017 474 enarrarre.
1185 400 1250 466 441

144 579 232 636 meriti
256 581 304 636 sed
325 579 395 637 dono
422 580 524 652 gratiae
541 584 604 635 tuae
630 579 791 635 constituisti
820 578 908 651 operis
930 578 1011 650 hujus
1038 575 1195 646 minianum,
1215 573 1251 630 da

74 687 76 690 ⁴
143 663 268 719 fiduciam
289 665 327 720 tui
345 665 462 723 muneris
481 662 638 735 exequendi,
650 669 679 719 et
698 662 755 735 ipae
773 662 801 717 in
822 668 912 719 nosne
935 661 1081 718 ministerio
1097 658 1171 732 quod
1188 663 1252 713 tuae

144 751 251 822 pietatis
263 757 305 807 est
316 753 444 824 operare.¹

196 833 280 908 [Vere
303 835 414 907 dignum
438 878 445 892 .
465 877 499 893 ..
524 835 643 907 aeterne]
676 835 759 904 Deus,
787 833 899 889 humaui
926 833 1031 904 generis
1060 829 1251 903 benignissime

143 918 264 974 conditor
287 926 315 975 et
335 919 578 976 misericordissime
602 918 777 988 reformatam
796 919 843 990 qui
866 918 1003 973 hominem
1027 916 1129 973 invidia
1153 912 1252 970 diaboli

143 1003 178 1057 ab
202 1005 361 1059 aeternitate
385 1004 519 1074 dejectum
543 1003 617 1058 unici
637 1003 721 1059 Filii²
744 1003 784 1058 tui
811 1003 941 1073 sanguine
970 1001 1116 1071 redemisti,
1145 999 1254 1055 vivifica

143 1086 215 1141 hunc
235 1086 365 1143 famulum
385 1088 481 1143 ιιιιιιιι8
498 1105 580 1159 quem
596 1087 645 1142 tibi
665 1086 816 1143 nullatenus
833 1086 902 1141 mori
923 1085 1065 1155 desideras,
1084 1089 1114 1141 et
1130 1083 1177 1157 qui
1197 1097 1252 1137 uon

144 1169 304 1243 derelinquis
341 1171 457 1242 devium,
487 1171 598 1227 adsume
627 1176 787 1243 correptum.
841 1171 971 1226 Moveant
1007 1169 1134 1242 pietatem
1165 1172 1251 1233 tuam,

143 1271 312 1326 quaesumus,
336 1255 459 1324 Domine,
484 1255 563 1326 hujus
592 1254 684 1310 famuli
705 1255 745 1310 tui
767 1254 919 1326 lacrymosa
949 1253 1070 1326 suspiria.
1120 1252 1162 1306 Tu
1192 1250 1251 1321 ejus

143 1338 249 1393 medere
273 1338 434 1406 vulneribus,
456 1344 487 1394 ιιι
510 1339 612 1410 jacenti
636 1356 746 1393 manum
770 1339 875 1411 porrige
904 1338 1056 1403 salutarem,
1076 1352 1112 1391 ue
1130 1332 1253 1390 Ecclesia

143 1427 190 1476 tua
211 1421 299 1494 aliqua
323 1423 365 1477 eui
389 1422 506 1494 corporis
529 1423 651 1494 portione
672 1428 800 1491 vastetur,
825 1439 861 1478 ne
884 1440 950 1493 grex
973 1428 1037 1477 tuus
1061 1419 1252 1477 detrimentum

143 1506 280 1576 sustineat,
306 1525 340 1562 ne
371 1507 405 1563 de
424 1507 539 1563 familiae
569 1513 632 1563 tuae
659 1506 758 1563 damno
787 1506 910 1562 inimicus
935 1505 1046 1574 exultet,
1072 1523 1107 1561 ne
1131 1509 1255 1560 renatum

143 1588 250 1645 lavacro
269 1589 378 1645 salutari
402 1608 474 1646 mors
494 1591 613 1647 secunde
631 1590 773 1663 possideat.
810 1590 872 1646 'libi
889 1607 961 1661 ergo,
980 1589 1105 1658 Domine,
1123 1587 1256 1661 supplices

144 1688 244 1743 preces,
268 1673 318 1728 tibi
343 1674 435 1728 fletum
460 1674 548 1730 cordis
577 1673 747 1730 effundimus.
791 1673 834 1728 Tu
863 1691 943 1746 parce
973 1671 1120 1740 confitenti,
1150 1671 1201 1726 ut⁴
1228 1670 1257 1725 in

144 1757 314 1812 imminentes
351 1774 453 1829 paenas
489 1758 703 1830 sententiamque
733 1757 815 1812 futuri
846 1756 940 1828 judieii
969 1762 998 1811 te
1027 1757 1169 1811 miserente
1199 1770 1255 1810 uon

146 1840 254 1899 incidet
301 1842 413 1898 Nesciat
435 1843 506 1915 quod
537 1850 621 1900 terret
643 1844 672 1898 in
695 1842 821 1911 tenebris,
846 1842 918 1914 quod
942 1841 1037 1897 stridet
1066 1840 1094 1895 in
1123 1838 1255 1908 flammis3

144 1932 225 1997 atque
246 1926 281 1981 ab
303 1926 399 1982 erroris
417 1926 462 1982 via
483 1927 517 1983 ad
539 1927 591 1983 iter
614 1943 735 1982 reversus
753 1926 882 1998 justitiae,
904 1941 1071 1997 nequaquam
1088 1922 1160 1980 ultra
1179 1921 1257 1978 novis

146 2007 302 2065 vulneribus
325 2011 477 2080 saucietur;
507 2011 557 2066 sed
577 2010 710 2082 integrum
734 2010 771 2066 sit
794 2010 819 2066 ei
843 2016 925 2082 atque
949 2014 1108 2083 perpetuum
1132 2014 1161 2062 et
1183 2005 1255 2079 quod

145 2093 230 2162 gratia
242 2099 289 2149 tua
301 2094 414 2150 contulit
426 2100 455 2151 et
466 2095 538 2167 quod
551 2095 729 2151 misericordia
741 2093 915 2151 reformavit.⁶

211 2270 279 2334 The
307 2268 459 2334 Gallican
483 2270 585 2335 books
614 2270 743 2335 furnich
772 2291 812 2335 us
844 2271 969 2354 merely
992 2270 1073 2335 with
1103 2290 1123 2333 a
1151 2269 1256 2355 single

146 2395 269 2459 prayer,
292 2375 373 2440 with
399 2375 444 2440 its
467 2375 656 2459 invitatory,
679 2375 729 2440 for
752 2375 808 2441 the
833 2374 1075 2441 reconciliation
1104 2375 1140 2440 of
1166 2375 1256 2460 peni·

146 2488 243 2546 tenta.
289 2481 323 2544 It
352 2480 381 2544 is
408 2479 580 2564 preserved
603 2487 638 2544 at
665 2479 721 2546 the
751 2479 815 2545 end
844 2479 880 2544 of
907 2480 964 2545 the
994 2479 1120 2544 Bobbio
1144 2479 1254 2544 Sacru-

146 2581 319 2668 mentary,⁰
340 2585 401 2649 but
428 2583 483 2649 the
508 2584 710 2669 manuscript
732 2584 761 2649 is
786 2585 823 2650 in
844 2606 864 2649 a
886 2605 966 2668 very
992 2585 1055 2650 bad
1079 2584 1254 2649 condition.

146 2689 193 2752 At
215 2688 271 2753 the
296 2688 378 2753 time
401 2688 497 2752 when
522 2687 614 2754 these
639 2688 741 2753 books
764 2709 848 2754 were
871 2688 982 2754 drawn
1007 2709 1061 2774 up,
1084 2689 1140 2754 the
1161 2689 1254 2775 peni·

146 2792 265 2858 tential
292 2792 472 2877 discipline,
497 2791 674 2876 especially
697 2793 733 2857 in
761 2793 856 2871 Gaul,
882 2792 946 2858 had
975 2793 1059 2859 been
1088 2794 1255 2878 subjected

147 2908 181 2962 tc
196 2918 276 2981 very
292 2897 512 2962 considerable
527 2897 674 2963 external
690 2895 953 2963 modificatione!

196 3111 205 3140 ¹
222 3110 308 3160 There
319 3110 342 3159 is
353 3125 369 3159 a
379 3108 473 3160 second
484 3124 576 3173 prayer
586 3109 662 3166 here;
680 3109 727 3160 but
737 3109 784 3159 the
792 3107 900 3172 general
912 3108 1085 3160 characteres
1099 3108 1145 3158 the
1157 3108 1257 3159 Roman

147 3190 303 3240 ceremonies
314 3188 386 3239 lcads
397 3204 428 3239 us
439 3193 466 3238 to
477 3188 569 3252 regard
580 3189 603 3240 it
612 3204 642 3239 as
653 3204 687 3238 an
698 3188 861 3239 alternative.

195 3267 206 3296 ²
223 3266 290 3317 Filia·
301 3265 421 3331 supplied
432 3266 497 3316 irem
509 3265 555 3315 the
566 3265 711 3329 Gregorius
722 3264 927 3328 Sacramentary.

197 3343 207 3371 ²
223 3342 300 3392 Harae
306 3343 437 3409 jamdum
448 3346 520 3393 tuum
531 3341 624 3405 Gregz
640 3343 727 3406 tanqam
738 3341 796 3390 Gcl.

195 3421 204 3449 ⁴
229 3420 308 3471 Ut..
327 3417 574 3482 .e'c‹a'dut]Greg.:
602 3416 662 3468 “Ut
684 3418 722 3467 sic
744 3418 771 3467 in
794 3417 843 3467 hac
865 3417 1024 3468 mortalitate
1046 3420 1152 3480 peccata
1168 3432 1216 3466 sua
1232 3419 1259 3467 te

149 3497 292 3563 adjuvaute
308 3496 404 3547 defleat
420 3496 534 3561 qualiter
550 3494 579 3544 in
595 3493 723 3545 tremendi
736 3493 832 3560 judicii
851 3493 895 3544 die
911 3494 1067 3545 seutentiam
1084 3493 1259 3544 damnationis

147 3580 268 3625 aeternae
279 3573 382 3632 evadat,
393 3577 420 3623 et
431 3573 538 3631 nesciat,
549 3571 614 3622 etc.”

197 3656 207 3683 ³
224 3653 295 3702 Here
312 3652 359 3703 the
376 3651 502 3701 Gelasium
520 3650 717 3714 Sacramentary
731 3650 805 3714 gives
823 3665 840 3699 a
857 3649 928 3699 fresh
945 3665 1027 3714 group
1043 3650 1072 3699 oi
1090 3650 1260 3711 formularies‚

148 3730 222 3780 three
240 3744 353 3794 praycrs‚
370 3728 422 3778 and
438 3727 630 3778 clluelraristic
646 3743 751 3791 prayer;
775 3727 849 3778 these
866 3727 1035 3779 alternative
1052 3727 1085 3777 do
1102 3731 1146 3777 uot
1164 3743 1260 3792 appear

148 3809 176 3857 iu
189 3808 234 3858 the
245 3807 390 3870 Gregorian
402 3806 572 3870 supplement.

197 3885 208 3916 ⁰
225 3883 361 3944 dimetari,
373 3882 421 3934 vol.
434 3883 462 3933 ii.
474 3898 498 3946 p.
509 3885 566 3935 966.

198 3962 207 3991 r
225 3961 276 4010 For
294 3960 339 4011 the
358 3960 498 4011 variatione
515 3960 544 4009 oi
564 3959 610 4010 the
632 3959 788 4023 penitentia]
805 3958 943 4023 discipline
965 3960 993 4009 in
1010 3958 1082 4010 Gaul
1099 3958 1151 4010 and
1169 3961 1197 4010 in
1215 3961 1261 4011 the

152 4039 252 4088 Britislr
281 4037 353 4094 lrlea.
380 4052 423 4087 see
450 4037 578 4100 Mainory,
604 4035 768 4087 hasterienses
791 4036 916 4090 Mcrrcelrt.
939 4052 962 4100 p.
986 4039 1026 4096 62,
1047 4042 1070 4089 et
1098 4054 1144 4103 aeq.
1167 4039 1261 4102 (Paria.

154 4119 235 4179 rear).
