2814 4816
610 372 784 424 arreum.
1198 364 1264 431 527

208 534 258 596 28.
279 533 367 606 Quod
391 535 418 594 si
441 533 529 594 adest
552 533 660 606 oleum,
685 539 752 593 oret
776 551 868 612 super
892 534 969 594 illud
994 536 1050 596 hoc
1072 538 1181 614 mod03
1208 542 1257 600 sin

146 634 257 702 autem,
288 629 474 689 solummodo
500 628 569 687 illas
595 628 864 706 particulae-29.
899 629 933 688 Si
959 631 1072 691 adsunt
1102 634 1257 710 primitiae

146 721 297 802 quaedam
326 721 557 781 comestibilium
585 721 708 794 allatae,
736 728 805 781 oret
831 741 921 799 super
948 743 999 782 aas
1030 731 1063 784 et
1096 727 1258 788 benedicat

147 817 300 877 fructibus
326 817 379 893 qui
405 816 463 893 ipsi
491 815 579 873 allati
606 822 680 874 sunt
707 834 762 891 pro
794 817 932 875 oratione
963 837 1020 875 sua
1053 825 1086 878 et
1119 821 1257 898 singulae

146 911 300 970 orationes
324 909 468 969 dicantur
491 927 581 986 super
603 908 730 985 singulis
753 909 851 980 rebus,
876 915 909 967 et
930 910 964 968 in
986 911 1047 970 fine
1068 913 1257 990 singularum

147 1007 320 1066 orationum
347 1006 489 1066 dicatur:
525 1003 659 1061 “Gloria
685 1003 755 1074 tibi,
783 1002 873 1061 Patri
901 1010 933 1062 et
960 1003 1040 1066 Filio
1066 1013 1099 1066 et
1127 1007 1256 1087 Spiritui

148 1108 264 1172 sancto,
280 1100 314 1157 in
327 1099 448 1158 saecula
462 1098 657 1157 saeculorum.
700 1096 828 1156 Amen.''

212 1194 260 1252 30.
287 1192 320 1250 Si
341 1198 446 1251 autem
467 1189 628 1250 ordinatur
651 1190 818 1267 presbyter,
842 1191 944 1249 omnia
967 1211 1036 1250 cum
1060 1211 1096 1252 eo
1119 1196 1259 1256 similiter

150 1295 283 1364 agantur
303 1307 338 1346 ac
359 1307 427 1345 cum
447 1286 593 1363 episcopo,
617 1284 676 1343 nisi
697 1284 779 1363 quod
804 1284 967 1344 cathedrae
991 1306 1053 1345 non
1076 1289 1260 1352 insideat.-

151 1383 199 1440 31.
223 1381 326 1439 Etiam
347 1381 453 1439 eadem
473 1380 572 1438 oratio
592 1396 736 1455 supereo
753 1385 858 1436 oretur
877 1385 945 1436 tota
959 1385 995 1437 ut
1008 1400 1099 1457 super
1112 1384 1257 1463 episcopo,

151 1497 218 1535 oum
251 1475 315 1533 sola
341 1474 520 1552 exceptione
547 1473 678 1531 nominis
704 1473 996 1550 episcopatus-32.
1032 1474 1199 1555 Episcopus
1227 1481 1260 1537 in

151 1571 291 1630 omnibus
313 1570 403 1627 rebus
423 1568 638 1644 aequiparetur
657 1566 844 1642 presbytero,
867 1573 995 1643 excepto
1017 1570 1138 1629 nomine
1161 1572 1261 1630 cathe-

153 1662 226 1720 drae
260 1668 292 1720 et
326 1661 527 1733 ordinatione,
561 1659 633 1737 quia
666 1665 803 1736 potestas
831 1658 994 1718 ordinandi
1027 1661 1085 1739 ipsi
1118 1683 1180 1722 non
1207 1667 1260 1724 tri·

151 1755 266 1815 buitur.

215 1851 263 1911 33.
289 1848 322 1906 Si
345 1847 683 1918 ordinaturdiaconus,
708 1847 909 1905 observentur
936 1866 1066 1906 canones
1092 1851 1262 1929 singulares

154 1952 187 2005 et
200 1944 321 2004 dicatur
335 1944 409 2004 haec
422 1945 521 2003 oratio
534 1962 625 2020 super
638 1961 716 2014 cum,
731 1961 831 2020 neque
844 1949 949 2001 tamen
963 1944 1003 2003 ad
1016 1945 1260 2024 presbyteratum

153 2040 288 2117 pertinet
310 2039 362 2097 sed
382 2038 422 2097 ad
447 2037 650 2107 diaconatum,
672 2037 752 2095 sicut
776 2036 923 2095 famulum
948 2038 1110 2102 Dei-34.
1140 2041 1262 2101 Serviat

155 2139 258 2193 antem
279 2133 417 2210 episcopo
436 2139 469 2191 et
488 2131 675 2209 presbyteris
696 2130 730 2187 in
748 2131 887 2189 omnibus
902 2133 1001 2205 rebus,
1016 2152 1113 2211 neque
1127 2141 1263 2195 tantum·

155 2227 245 2286 modo
264 2228 372 2284 missae
392 2233 536 2302 tompore,
558 2225 611 2284 sed
631 2225 725 2283 etiam
744 2224 872 2283 infirmis
885 2225 946 2284 illis
959 2228 1073 2286 serviat
1087 2229 1125 2288 de
1141 2230 1261 2308 populo,

156 2323 265 2400 quibua
294 2339 382 2379 nemo
408 2319 596 2391 adest-35.
625 2319 785 2378 certiorem
812 2317 909 2378 iaciat
935 2322 1106 2399 episcopum
1133 2330 1171 2383 ut
1197 2330 1264 2383 oret

157 2435 247 2494 super
267 2415 313 2487 iis,
334 2422 366 2473 et
385 2421 421 2473 ut
438 2413 500 2471 illis
514 2412 713 2490 dispertiatur
726 2430 803 2489 quac
817 2412 890 2488 ipsis
903 2432 979 2490 opus
992 2423 1074 2488 sunt,
1089 2419 1264 2496 pariterque

156 2513 250 2571 etiam
271 2510 443 2568 hominibus
462 2508 583 2569 occulta
602 2513 739 2584 egestate
758 2507 970 2584 pressis-36.
997 2509 1140 2570 Serviunt
1160 2518 1264 2570 autem

157 2613 190 2665 et
214 2605 282 2663 aliis
305 2622 434 2680 quorum
458 2603 640 2661 miserentur
663 2601 801 2679 episcopi,
824 2608 861 2661 ut
881 2603 999 2679 possint
1019 2602 1133 2664 donare
1153 2607 1263 2678 viduis,

158 2701 241 2759 orbis
262 2704 293 2756 et
314 2695 598 2774 pauperibus—37.
625 2694 695 2754 Hoc
715 2694 811 2771 igitur
832 2694 920 2754 modo
941 2697 1042 2754 omnia
1063 2699 1160 2758 officia
1180 2701 1265 2777 perfi-

156 2795 228 2853 ciat.
270 2792 353 2850 Talis
374 2809 480 2850 revera
499 2795 547 2848 est
567 2789 713 2849 diaconus
732 2787 783 2846 ille
802 2786 912 2865 dequo
926 2787 1069 2849 Christus
1082 2791 1181 2853 dixit:
1203 2794 1265 2853 “Si

158 2889 225 2965 quis
253 2885 327 2944 mihi
353 2884 577 2942 ministraverit
603 2880 817 2941 honorificabit
844 2900 913 2940 eum
941 2881 1035 2944 Pater
1062 2886 1264 2949 meus.''—38.

159 2981 326 3059 Episcopus
349 2984 453 3037 autem
477 2996 601 3035 manum
625 2977 764 3053 imponat
787 2976 816 3034 ei
839 2984 872 3035 et
893 2976 973 3036 hanc
992 2980 1160 3040 orationem
1182 2981 1265 3041 dicat

158 3094 248 3152 super
271 3092 349 3144 eum,
372 3071 497 3149 loquens
509 3070 604 3130 :-39.
635 3069 691 3128 “O
713 3070 807 3142 Deus,
828 3077 917 3148 pater
937 3069 1051 3130 domini
1071 3075 1170 3133 nostri
1190 3076 1265 3136 Jeeu

160 3167 286 3238 Christi,
307 3184 447 3242 rogamus
467 3171 500 3223 tc
521 3164 610 3224 enixe
630 3171 668 3223 ut
687 3164 826 3223 effundas
847 3163 995 3242 Spiritum
1015 3172 1104 3226 tuum
1125 3176 1264 3229 sanctum

159 3280 249 3339 super
274 3279 395 3319 servum
419 3265 507 3317 tuum
532 3258 573 3319 N.
598 3277 726 3336 eumque
752 3277 912 3336 praepares
940 3279 1008 3318 cum
1037 3260 1098 3320 illis
1125 3263 1180 3341 qui
1206 3264 1266 3323 tibi

159 3356 297 3412 serviunt
324 3351 489 3411 secundum
516 3357 604 3411 tuum
632 3352 854 3429 beneplacitum
882 3353 962 3413 sicut
990 3353 1264 3433 Stephanus-40.

159 3453 255 3522 utque
275 3446 321 3504 illi
339 3446 485 3505 concedas
501 3447 564 3504 vim
580 3445 723 3504 vincendi
741 3466 859 3506 omnem
873 3453 1056 3525 potestatem
1071 3449 1166 3509 dolosi
1180 3453 1266 3528 signo

159 3539 256 3597 crucis
277 3545 348 3597 tuae
368 3557 430 3616 quo
450 3539 514 3615 ipse
535 3538 774 3615 signatum—41.
803 3546 898 3618 utque
917 3541 1064 3600 concedas
1084 3561 1181 3603 mores
1201 3547 1266 3604 sine

160 3640 285 3710 peccato
312 3652 412 3691 coram
439 3632 581 3691 omnibus
608 3632 789 3706 hominibus,
819 3634 1049 3714 doctrinamque
1072 3655 1128 3713 pro
1150 3639 1264 3713 multis,

160 3747 221 3804 qua
248 3733 372 3802 gentem
398 3726 547 3803 copiosam
573 3726 608 3783 in
633 3726 758 3785 ecclesia
784 3746 870 3785 sacra
896 3726 936 3786 ad
963 3728 1091 3787 salutem
1118 3731 1266 3808 perducat

160 3821 226 3878 sinc
249 3819 313 3878 ullo
333 3818 573 3880 scandalo-42.
603 3821 718 3898 Accipe
737 3839 825 3880 omne
845 3821 1002 3881 servitium
1022 3823 1089 3899 ejus
1108 3826 1211 3902 perd.
1233 3847 1264 3889 n.

160 3913 191 3973 J.
215 3912 248 3972 0.
270 3932 324 3990 per
345 3933 435 3991 quem
459 3912 518 3971 tibi
541 3933 609 3973 cum
634 3914 751 3991 Spiritu
775 3922 881 3975 sancto
905 3915 946 3973 sit
969 3917 1067 4000 gloria
1090 3918 1123 3978 in
1145 3923 1266 3986 mocula

162 4009 357 4076 sacculorum.
400 4008 527 4075 Amen.”
