2814 4816
190 344 256 414 374
299 369 477 420 cnnrsrrsw
499 370 667 419 wcnsura:
690 368 743 420 rra
764 369 879 420 onrcrw
902 369 971 418 sun
993 366 1191 419 avocamus.

242 522 330 578 Deum
353 524 436 580 totius
459 525 676 582 sanctificationis
699 542 732 582 ac
756 525 863 598 pietatis
886 531 1031 594 auctorem,
1053 523 1101 597 qni
1118 522 1299 597 placationem

186 620 264 660 snam
285 613 313 662 et
333 607 462 664 sacrificia
483 615 511 664 ct
534 627 611 665 sacra
634 609 779 678 coustituit,
798 610 906 665 Fratres
924 609 1095 679 dilectissimi,
1113 608 1298 680 deprecemur,

186 691 226 746 uti
241 691 313 747 huno
325 692 453 749 famulum
466 712 543 749 suurn
556 713 638 766 quem
650 695 768 750 exaltare
780 697 809 750 in
822 694 944 751 Ecclesia
955 701 984 750 et
995 694 1129 750 seniorum
1145 692 1297 763 cathedrae,

186 776 362 833 concordibus
383 795 432 833 sna
450 778 621 850 inspiratione
635 778 744 851 judiciis
763 785 792 834 et
805 779 895 834 effusis
911 796 991 850 super
1006 778 1113 852 plebem
1130 795 1208 834 snam
1225 776 1298 833 votis

184 858 307 916 fidelibus
323 879 355 916 ac
367 878 465 918 vocum
479 862 644 932 testimoniis,
656 861 741 918 voluit
755 861 864 934 imponi,
877 861 1020 918 conlocans
1037 878 1100 917 eum
1117 878 1180 917 cam
1196 859 1296 933 princi·

184 942 263 1014 pibus
286 943 377 1016 populi
401 944 456 1014 sni3
481 944 516 1000 ad
540 961 633 1000 eorum
657 962 729 1000 nanc
752 961 859 1016 precem
883 944 1035 1000 nniversam
1058 943 1172 1000 eundem
1190 959 1298 998 summo

184 1025 331 1083 sacerdotio
343 1027 436 1084 debita
447 1028 553 1085 honoris
565 1028 738 1101 plenitudiue,
751 1027 944 1084 charismatum
956 1028 1041 1099 gratia
1053 1026 1297 1084 sanctificationum

182 1108 313 1179 ubertate,
338 1128 370 1166 ec
394 1111 536 1184 praecipue
560 1111 720 1168 humilitatis
744 1112 844 1167 virtute
868 1110 1029 1183 locupletet:
1047 1117 1079 1167 ut
1098 1118 1185 1167 rector
1203 1111 1296 1183 potins

181 1209 237 1247 uon
259 1193 409 1262 extollatur,
430 1194 478 1249 scd
501 1196 530 1249 in
554 1195 677 1250 omnihus
701 1212 729 1250 se
753 1201 883 1268 qnantum
907 1202 949 1250 est
971 1194 1058 1267 major
1081 1193 1236 1262 humssians,
1260 1193 1297 1249 sit

179 1274 209 1328 in
233 1274 296 1346 ipsis
320 1277 397 1349 quasi
421 1294 490 1332 uuus
514 1295 549 1333 ex
573 1277 639 1346 illis;
664 1279 754 1334 omnia
770 1278 872 1349 judicia
893 1279 1000 1334 Domini
1021 1278 1104 1334 nostri
1122 1295 1178 1333 uon
1196 1294 1246 1349 pro
1264 1294 1296 1333 se

180 1365 287 1414 tantum
308 1360 356 1416 scd
376 1368 403 1416 et
423 1378 472 1434 pro
493 1364 565 1418 ornni
587 1362 685 1435 populo
705 1363 752 1433 qui
773 1362 946 1420 sollicitudini
967 1381 1032 1419 snae
1053 1362 1169 1419 creditur
1186 1370 1296 1419 contre-

181 1445 303 1501 miscens.
341 1445 380 1501 Ut
400 1446 446 1518 qui
466 1445 617 1501 meminerit
638 1446 672 1502 de
691 1445 888 1519 speculatorum
909 1447 1031 1502 memhus
1050 1447 1170 1502 omnium
1187 1446 1296 1502 animas

180 1529 361 1601 requirendas,
380 1547 429 1601 pro
450 1529 570 1585 omnium
593 1529 681 1585 saluto
702 1531 849 1602 pervigilet,
869 1531 994 1603 pastorali
1019 1549 1083 1603 erga
1107 1531 1222 1586 creditus
1241 1532 1294 1587 sihi

179 1630 244 1669 oves
274 1613 382 1668 Domini
412 1613 547 1684 diligentia
577 1614 789 1686 ejus1'semper
817 1632 846 1670 sc
877 1613 1110 1685 flagrantissimum
1140 1613 1296 1687 adprobans

178 1698 374 1753 mandatorum.
417 1698 456 1754 Ut
488 1698 568 1768 igitur
598 1698 766 1770 praefuturus
798 1698 929 1767 omuibus,
959 1697 1060 1754 electus
1092 1714 1127 1753 cx
1158 1697 1295 1768 ommhus,

178 1779 309 1834 universis
332 1778 413 1834 sacris
433 1778 620 1851 sacrandisquc
639 1779 750 1834 idoneus
768 1778 824 1849 liat,
841 1779 965 1846 subhac,
981 1797 1050 1850 quse
1064 1785 1106 1834 est
1122 1778 1224 1834 homini
1243 1796 1296 1851 per

177 1862 314 1917 hominem
349 1867 483 1933 postrema
524 1861 683 1933 benedictio,
722 1867 905 1918 consummata
940 1868 1021 1933 atque
1062 1861 1189 1932 perfecta,
1225 1877 1294 1917 suae

177 1944 392 2015 consecrationis,
421 1949 528 2000 nostrae
563 1944 770 2016 subplicaticnis,
804 1944 994 2000 adtontissimis
1024 1943 1293 2016 concordissimisqne

177 2033 296 2089 omnium
316 2033 439 2106 precibus
462 2033 637 2104 adjuvemur;
662 2033 782 2089 omnium
809 2050 857 2105 pro
886 2036 943 2106 ipso
966 2034 1051 2089 oratio
1074 2032 1221 2102 incumbat,
1244 2034 1291 2088 cni

175 2119 304 2176 exorandi
330 2137 378 2192 pro
404 2119 526 2175 omnibus
549 2119 653 2191 pcudus
682 2119 835 2192 imponitur.
871 2120 1001 2192 Impetret
1024 2120 1050 2176 ei
1073 2119 1184 2175 affectus
1207 2121 1292 2176 totius

174 2203 311 2259 Ecclesiae
345 2202 480 2272 virtutem,
518 2202 654 2275 pictatem,
690 2203 935 2270 sanctificationem,
973 2208 1002 2257 et
1037 2210 1154 2258 caeteras
1190 2204 1291 2258 aurumi

173 2284 313 2341 sacerdotii
340 2301 429 2340 sacras
460 2283 536 2340 dotes
566 2285 706 2340 universae
733 2284 868 2340 Ecclesiae
898 2284 1056 2355 profuturas,
1082 2285 1197 2341 Domino
1227 2287 1290 2342 Dcc

172 2374 270 2437 nocuo,
301 2367 347 2439 qui
377 2384 512 2422 sacrorum
543 2384 684 2422 munerum
714 2367 832 2438 profluus
859 2366 919 2422 fons
946 2374 995 2437 eet,
1019 2368 1064 2439 qui
1089 2367 1137 2423 dat
1162 2369 1290 2425 omnibus

171 2449 328 2518 adfluenter,
356 2450 429 2521 quod
459 2448 591 2504 sacerdoti
620 2448 664 2519 pic
695 2448 794 2504 affectu
822 2448 948 2520 poscitur,
973 2448 1009 2504 ad
1038 2447 1227 2505 exundantiam
1258 2449 1288 2503 in

171 2530 294 2586 omnibus
321 2529 558 2587 sanctificationem
587 2546 697 2587 suorum
721 2531 849 2600 omnium,
867 2530 1064 2604 promptissime
1082 2548 1115 2587 ao
1132 2530 1288 2604 plenimime

173 2613 347 2669 conferente.²

237 2900 328 2967 Then
364 2899 516 2965 followed
553 2899 609 2966 the
638 2900 860 2985 consecrating
889 2921 1012 2986 prayer.
1057 2901 1126 2967 The
1154 2903 1288 2970 nasac

171 3007 369 3070 namnam
390 3003 456 3068 and
477 3003 534 3067 the
557 3001 711 3068 Gelesian
732 3005 978 3088 Sacramentary
998 3025 1090 3090 agree
1112 3006 1148 3071 in
1168 3007 1287 3094 giving

169 3109 246 3174 here
274 3109 330 3174 the
359 3107 487 3172 Roman
523 3112 595 3171 text
631 3106 717 3170 Dan
744 3106 900 3170 mmm
928 3108 1081 3187 omniunt,
1111 3109 1171 3175 but
1199 3111 1285 3177 with

168 3233 188 3278 a
224 3212 303 3298 long
339 3209 519 3277 additional
562 3230 704 3296 passage,
742 3209 847 3275 which
890 3211 920 3276 is
957 3212 1102 3298 wanting
1143 3213 1181 3278 in
1224 3215 1285 3281 the

217 3516 225 3546 ¹
244 3515 311 3567 Thia
325 3530 434 3580 passage
450 3516 548 3580 isacry
559 3519 663 3581 corrupt
679 3516 708 3566 in
725 3515 772 3567 tho
789 3515 860 3567 nino.
872 3516 927 3579 Fa,
944 3517 1032 3568 which
1048 3517 1137 3571 reads:
1150 3523 1283 3587 pcetorcle·

167 3609 227 3660 erpo
248 3593 357 3644 creditne
378 3593 427 3644 sibi
448 3609 501 3645 occa
522 3593 628 3645 Domina·
649 3595 797 3661 dilipcntine
818 3597 872 3660 q'sa
893 3610 986 3662 conpar
1008 3611 1033 3647 ac
1048 3595 1283 3663 firmanum

164 3669 315 3736 adprobatis.
364 3670 398 3722 Tc
423 3671 570 3722 ‹lolictmnm
596 3672 712 3738 odipitar
731 3672 907 3739 praescieras,
933 3688 964 3724 cc
987 3673 1101 3725 cannae
1121 3675 1219 3736 clanim
1247 3693 1280 3728 aa

164 3749 277 3800 mathca
288 3749 418 3799 citicensis.
437 3786 443 3798 .
462 3786 468 3799 .
487 3786 493 3799 .

211 3826 222 3855 ¹
239 3825 305 3876 Thia
326 3825 475 3889 formulam,
492 3824 578 3875 which
600 3825 625 3876 is
646 3825 701 3877 also
722 3827 906 3891 incompatible
923 3826 988 3878 with
1006 3827 1105 3879 Roman
1121 3844 1210 3894 unge,
1227 3830 1278 3884 did

163 3903 208 3951 not
225 3900 279 3951 ilud
296 3902 331 3952 its
347 3917 405 3966 way
420 3902 476 3952 into
493 3902 539 3952 the
555 3902 702 3964 Pontifical,
719 3903 806 3954 which
822 3903 871 3955 has
887 3904 949 3955 here
967 3905 1013 3956 the
1032 3905 1174 3971 iormnlsry
1192 3908 1275 3971 given

161 3978 249 4039 above,
267 3983 295 4028 at
317 3994 341 4043 p.
360 3981 415 4030 360.
449 3980 589 4031 Constrnc:
613 3981 738 4032 Domino.
757 4019 763 4032 .
782 3984 946 4050 .confcrentc‚
964 3984 1001 4034 cd
1017 3985 1197 4038 mandandam
1217 4026 1223 4038 .
1243 4027 1249 4038 .
1270 4029 1276 4040 .

157 4056 225 4122 qnod
232 4057 346 4123 poscitur
357 4057 482 4108 secerdoti
492 4059 689 4122 (cormonte).
