2814 4816
609 338 780 390 asruuorx.
1198 325 1260 388 525

145 497 176 554 oi
192 498 361 572 Hippolytus,
380 499 477 569 where,
496 498 523 553 in
539 496 584 554 the
603 496 702 553 second
719 501 787 568 part,
806 500 835 551 at
852 493 928 568 least,
950 494 1014 564 they
1032 510 1101 550 were
1121 494 1253 567 arranged

142 583 171 638 in
182 602 199 640 a
212 584 335 639 different
346 583 430 641 order.

197 667 211 721 1
229 666 299 721 have
316 665 439 722 followed
457 666 527 722 Herr
540 664 648 721 Achelis
665 663 693 719 in
711 663 753 720 hie
772 663 885 720 division
903 664 960 719 into
978 664 1149 736 paragraphs,
1167 664 1217 720 but
1235 663 1250 719 1

144 751 214 807 have
233 752 303 807 been
321 751 374 807 less
390 750 475 806 lavish
492 751 556 806 than
575 751 609 806 hs
629 750 658 804 in
673 749 719 805 the
737 766 786 804 uss
799 749 830 803 os
845 747 971 803 brackets
991 754 1020 804 to
1041 748 1158 804 indicate
1170 749 1253 804 inter·

146 836 255 909 polated
278 854 411 909 passages.
460 835 526 890 This
549 835 572 889 is
593 839 641 889 not
663 834 778 889 because
801 833 815 887 I
839 832 961 889 consider
986 834 1031 889 the
1056 834 1201 889 document
1222 852 1253 890 as

145 921 284 976 authentic
296 921 323 975 in
336 920 370 975 all
388 921 423 975 its
434 925 515 991 parts,
528 919 577 974 but
587 918 702 973 because
715 917 761 972 the
773 917 938 988 essignment
949 918 980 973 os
995 918 1070 973 these
1082 924 1154 990 psrts
1166 935 1254 974 seems

145 1012 175 1061 to
188 1022 231 1060 me
244 1012 272 1060 tc
285 1005 319 1059 he
331 1023 347 1058 a
360 1002 471 1059 difficolt
482 1009 588 1058 matter.
624 1003 638 1056 I
656 1002 726 1058 have
744 1019 780 1057 no
799 1002 884 1058 doubt
902 1002 961 1057 that
978 1002 1024 1057 the
1041 1020 1101 1058 new
1114 1001 1214 1057 edition
1226 1000 1257 1056 of

144 1090 192 1145 the
205 1090 291 1144 works
308 1089 338 1143 of
353 1089 391 1144 St.
402 1087 565 1159 Hippolytus
577 1086 665 1141 which
679 1086 749 1141 Herr
761 1085 871 1141 Achelis
886 1086 908 1141 is
926 1086 1088 1157 preparing¹
1101 1085 1155 1139 will
1167 1085 1254 1140 throw

147 1171 293 1228 additional
317 1171 384 1242 light
408 1188 443 1225 on
467 1170 521 1225 this
545 1168 660 1224 delicate
683 1168 767 1240 point.
810 1169 837 1223 It
861 1168 997 1240 isowing,
1022 1168 1127 1237 indeed,
1153 1173 1181 1222 to
1202 1167 1255 1223 this

148 1256 316 1326 uncertainty
328 1255 388 1309 that
399 1254 413 1309 l
425 1253 495 1308 have
514 1252 592 1307 made
610 1269 640 1307 so
658 1251 725 1306 little
744 1268 791 1307 nse
810 1251 841 1308 of
856 1251 903 1309 the
920 1251 1028 1308 (lenone
1047 1251 1077 1307 of
1092 1250 1256 1322 Hippolytus

148 1342 176 1398 in
187 1341 240 1397 this
252 1358 311 1396 new
320 1339 419 1396 edition
431 1338 461 1394 of
475 1338 521 1394 the
533 1341 641 1410 present
652 1335 733 1393 work.

529 1723 675 1783 Oswouas
696 1721 883 1782 Hrrronrnr.

216 1920 242 1979 1.
264 1919 350 1979 Ante
373 1921 475 1979 omnia
499 1920 586 1979 nobis
610 1919 819 1980 disserendum
843 1926 890 1979 est
915 1918 953 1979 de
977 1919 1037 1980 fide
1061 1941 1148 1980 sacra
1174 1941 1258 1995 sana,

153 2037 230 2098 quae
249 2025 297 2078 est
318 2018 356 2078 de
376 2017 497 2078 domino
516 2024 621 2078 nostro
640 2017 662 2077 J
663 2038 716 2078 esu
737 2017 862 2078 Christo
881 2018 944 2076 filio
964 2017 1024 2078 Dei
1043 2019 1115 2078 vivi.
1157 2020 1261 2079 Posui·

153 2133 219 2172 mrus
240 2132 311 2189 ergo
331 2111 364 2171 id
384 2113 418 2171 in
438 2112 498 2171 fide
518 2113 715 2190 contentique
733 2112 862 2172 inomni
881 2112 1112 2190 patientia-2.
1137 2112 1260 2196 [Itaque

153 2207 330 2285 profitemur
349 2207 418 2282 jure
439 2207 621 2265 Trinitatem
641 2225 718 2283 quae
739 2212 786 2264 est
805 2206 928 2265 omnino
944 2205 1078 2283 aequalis
1092 2207 1259 2278 inhonore,

155 2321 219 2360 esse
240 2301 395 2378 aequalem
415 2303 448 2360 in
468 2301 565 2378 gloria
584 2320 681 2380 neque
699 2319 763 2359 esse
781 2300 840 2379 ipsi
856 2300 978 2358 initium
993 2320 1090 2378 neque
1104 2300 1261 2380 iinem.]—
1373 2345 1375 2349 >

156 2397 184 2456 3.
221 2396 359 2455 Verbum
386 2403 434 2455 est
461 2396 542 2454 filius
570 2394 639 2468 Dei,
667 2395 720 2473 qui
747 2401 795 2453 est
821 2399 942 2454 creator
968 2395 1066 2454 omnis
1093 2402 1261 2469 creaturae,

156 2490 286 2549 visibilis
306 2495 339 2550 et
359 2490 601 2549 invisibilis-4.
626 2488 696 2549 Hoc
716 2489 880 2548 statuimus
900 2489 1038 2547 unanimi
1058 2496 1166 2548 contra
1187 2491 1262 2549 istos

156 2584 292 2665 perditos
318 2584 455 2644 homines
481 2585 535 2662 qui
562 2584 600 2643 de
626 2584 719 2644 verbo
746 2583 806 2642 Dei
833 2583 951 2642 nefaris
974 2582 1155 2657 edixerunt3
1182 2585 1262 2644 sicut

156 2681 277 2739 locutus
297 2685 345 2738 est
366 2677 404 2739 de
424 2679 538 2738 talibus
559 2678 698 2738 dominus
717 2684 822 2737 noster
839 2675 931 2737 Jesus
945 2676 1163 2738 Christus—5.
1188 2678 1264 2739 Ideo

157 2773 256 2833 multo
282 2774 379 2850 magis
405 2793 460 2832 nos
487 2779 558 2832 arta
583 2773 696 2833 unione
718 2773 753 2830 in
776 2773 893 2831 virtuts
918 2771 979 2830 Dei
1002 2774 1158 2850 conjuncti
1181 2794 1264 2853 sepa-

157 2868 291 2926 ravimus
311 2867 380 2926 illos
399 2868 541 2946 quonium
562 2886 624 2926 non
643 2866 840 2925 consentiunt
858 2865 1011 2925 Ecclesiae
1028 2866 1061 2924 in
1075 2867 1150 2940 Deo,
1166 2887 1264 2946 neque

158 2962 315 3021 nobiscum
349 2967 433 3034 sunt,
468 2961 523 3039 qui
551 2980 654 3020 sumus
681 2959 821 3037 discipuli
848 2961 1076 3038 scripturarum.
1130 2961 1264 3041 Ideoque

159 3056 364 3133 separavimus
384 3055 452 3114 illos
473 3056 512 3113 ab
533 3053 669 3114 Ecclesia
688 3061 720 3113 et
739 3073 860 3113 cansam
879 3073 982 3113 eornm
998 3054 1064 3113 Deo
1078 3056 1265 3115 commenda-

159 3151 267 3222 vimus,
303 3169 357 3209 nos
391 3151 446 3227 qui
475 3147 680 3226 judicabimus
707 3153 877 3207 creaturum
905 3148 938 3205 in
963 3148 1167 3224 justitia—6.
1203 3149 1265 3209 Eos

160 3254 263 3306 autem
290 3249 343 3326 qui
370 3248 524 3324 ignorant,
551 3247 590 3306 de
613 3265 648 3305 co
671 3247 814 3305 certiores
838 3245 965 3304 iacimus
990 3247 1055 3304 sine
1079 3247 1203 3320 invidia,
1226 3268 1265 3308 ne

161 3341 195 3398 in
215 3347 342 3399 mortem
362 3339 472 3398 malam
494 3338 636 3398 decidant
657 3339 737 3399 sicut
756 3338 910 3414 haeretici,
928 3339 980 3399 sed
999 3340 1095 3398 vitam
1109 3348 1265 3400 aeternam

163 3438 346 3505 mercantur,
381 3440 414 3491 et
451 3440 488 3494 ut
520 3433 650 3495 doceant
685 3433 762 3493 filios
795 3439 991 3512 posterosque
1031 3432 1109 3494 hanc
1144 3436 1265 3495 unicam

161 3525 259 3584 fidem.

225 3618 252 3678 7.
277 3619 443 3698 Episcopus
466 3620 599 3697 eligatur
623 3622 767 3680 exomni
791 3622 909 3699 populo.
960 3621 1090 3681 Sedstus
1114 3623 1163 3695 sit,
1187 3625 1267 3683 sicut

164 3712 202 3771 <le
225 3713 278 3772 illo
298 3715 331 3772 in
352 3715 487 3793 apostolo
506 3715 652 3793 scriptum
672 3716 799 3774 est—8.
829 3715 869 3774 In
890 3735 926 3775 ea
947 3723 1049 3776 autem
1071 3717 1266 3790 hebdomade,

216 3967 299 4019 ι1101.
322 3969 348 4031 1.,
364 3968 449 4022 which
472 3969 495 4022 is
517 3968 554 4023 cll
576 3967 635 4022 that
656 3968 704 4019 has
725 3971 769 4034 yet
791 3969 927 4036 appeared,
948 3969 1009 4023 does
1030 3973 1075 4021 not
1097 3969 1200 4022 contain
1223 3968 1271 4022 the
1367 3936 1379 3959 Ἰ

167 4051 277 4104 Conone.
