2814 4816
610 402 783 456 1111111111
1192 388 1253 454 521

146 582 201 622 nec
223 584 283 624 uon
303 568 397 626 etiam
411 567 449 627 de
470 567 532 629 fide
551 569 702 644 audistis3
731 569 861 629 audistis
881 570 974 628 etiam
995 576 1028 629 et
1048 569 1087 629 de
1107 586 1254 628 resurrec

147 657 231 716 tione
244 661 352 733 carnis,
374 661 478 722 sedet
501 664 613 740 singuli
627 683 744 723 omnem
759 665 918 736 rationem,
933 670 971 723 111
984 664 1128 742 potuistis
1149 669 1253 721 tamen

148 750 247 811 adhue
271 756 451 814 catecumini
479 757 603 833 audire3
636 758 762 817 verbum
790 764 894 816 autem
916 776 993 835 quae
1014 761 1088 816 sunt
1116 754 1255 833 mysterii

145 844 272 918 altioris,
301 848 332 907 id
361 855 408 908 est
429 851 524 927 ipsius
550 851 703 929 baptismi,
726 852 779 930 qui
799 851 899 910 adhuc
919 851 1124 910 cathecumini
1148 849 1255 909 audire

145 957 207 998 uon
225 943 354 1019 potestis
363 964 373 1017 3
393 950 425 1003 et
444 964 483 1003 ne
501 946 656 1005 extimatis
676 945 791 1024 aliquid
812 946 879 1004 sine
899 947 1019 1006 ratione
1040 946 1117 1016 fieri,
1132 963 1200 1003 cum
1221 943 1256 1000 in

145 1033 267 1092 nomine
295 1035 355 1095 Dei
383 1037 546 1114 baptidiati
566 1038 695 1112 fueritis,
724 1057 779 1116 per
805 1045 875 1099 octo
902 1039 967 1099 dies
994 1039 1160 1117 paschales,
1187 1042 1256 1115 post

145 1126 237 1185 missa
274 1129 359 1189 iacta
394 1130 432 1190 de
469 1132 605 1205 ecclesia,
637 1133 671 1192 in
707 1132 860 1193 Anastasa
891 1133 1033 1193 audietis.
1076 1130 1137 1204 Qui
1157 1130 1257 1190 adhuc

146 1223 351 1285 cathecumini
375 1227 449 1287 estis
482 1229 620 1288 misteria
642 1229 703 1288 Dei
732 1229 895 1290 secretiora
917 1229 978 1290 dici
1002 1229 1088 1289 vobis
1107 1246 1169 1287 non
1190 1244 1257 1303 poa-

148 1317 249 1378 sunt.'’

510 1673 537 1731 5.
560 1669 665 1749 Mysiis
690 1669 890 1747 Oatectisiops.

209 1840 284 1901 Post
305 1851 410 1904 autem
434 1847 575 1906 venerint
600 1846 665 1906 dies
693 1845 836 1917 Paschae,
861 1864 917 1923 per
939 1845 1008 1905 illos
1031 1853 1101 1905 octo
1124 1847 1195 1918 dies,
1226 1846 1257 1904 id

148 1942 196 1995 est
210 1958 229 1995 a
243 1937 358 1997 Pascha
371 1941 518 2018 usquead
532 1948 664 2014 octavas,
681 1939 929 2018 quemadmodum
950 1941 1041 1998 missa
1060 1940 1144 1999 iacta
1163 1939 1259 1999 fuerit

149 2028 334 2090 deecclesia
362 2040 395 2092 et
422 2036 487 2092 itur
513 2055 583 2094 cum
609 2036 709 2113 ymnis
731 2033 770 2092 ad
797 2033 960 2106 Anastase,
989 2054 1059 2093 mox
1086 2035 1124 2094 fit
1151 2036 1259 2107 oratic,

149 2123 373 2185 benedicuntur
400 2126 514 2201 fideles,
543 2136 575 2188 et
603 2135 668 2188 stat
695 2130 849 2206 episcopua
871 2129 1047 2187 incumbens
1069 2130 1103 2187 in
1126 2129 1259 2188 cancello

148 2218 302 2293 interiore,
317 2222 369 2298 qui
390 2230 437 2281 est
458 2224 492 2280 in
510 2223 653 2300 spelunca
672 2223 845 2294 Anastasis,
860 2227 893 2280 et
913 2229 1045 2299 exponet
1066 2223 1167 2280 omnia
1181 2241 1257 2300 quae

149 2319 286 2389 aguntur
312 2316 346 2374 in
380 2317 540 2394 baptismo.
597 2318 658 2376 Illa
685 2318 765 2376 euim
793 2315 869 2374 hora
902 2316 1129 2375 cathecuminus
1157 2317 1259 2375 nullus

150 2406 272 2466 accedet
304 2408 343 2466 ad
374 2411 548 2470 Anastase:
579 2418 704 2471 tantum
735 2411 840 2470 neofiti
872 2416 905 2468 et
938 2409 1043 2469 fideles
1070 2411 1123 2489 qui
1149 2412 1260 2470 volunt

149 2500 255 2560 audire
278 2505 432 2580 mysteria,
454 2506 488 2563 in
507 2506 663 2566 Anastase
683 2507 824 2578 intrant3
846 2503 1032 2564 clauduntur
1052 2515 1156 2564 autem
1179 2507 1259 2565 ostia

151 2612 190 2652 ne
224 2596 277 2671 qui
312 2596 540 2658 cathecuminus
574 2619 607 2658 se
642 2598 765 2675 dirigat.
821 2597 1009 2674 Disputaute
1043 2603 1147 2656 autem
1183 2599 1260 2675 epia-

148 2706 222 2764 copo
242 2688 365 2767 singula
387 2697 420 2749 et
442 2698 596 2765 1111111111,
623 2699 731 2752 tantae
752 2710 840 2750 voces
864 2696 939 2749 sunt
961 2691 1200 2751 collaudantium
1223 2699 1259 2751 ut

148 2798 238 2857 porro
269 2781 350 2842 foras
379 2784 504 2843 ecclesia
535 2784 702 2844 audiantur
734 2804 819 2844 voces
842 2803 954 2844 eorum.
997 2785 1080 2844 Vere
1107 2787 1187 2844 enim
1215 2786 1261 2845 ita

148 2881 285 2940 misteria
297 2885 398 2942 omnia
418 2884 576 2943 absolvent
596 2890 633 2944 ut
653 2884 757 2943 nullus
778 2903 841 2942 nou
853 2884 950 2961 possit
968 2885 1147 2944 commoveri
1164 2883 1203 2942 ad
1223 2903 1259 2944 ca

152 2997 228 3055 quae
242 2978 330 3038 audit
344 2980 387 3038 111
401 2981 521 3058 exponi.

214 3073 258 3132 Et
281 3075 423 3152 quoniam
446 3076 480 3132 in
493 3094 529 3134 ea
550 3074 704 3151 provincia
726 3092 798 3150 pars
821 3070 924 3149 populi
943 3077 975 3129 et
999 3090 1086 3148 grece
1104 3077 1137 3129 et
1160 3072 1262 3132 siriste

151 3169 247 3241 novit,
269 3189 340 3247 pars
360 3169 454 3227 etiam
472 3169 533 3227 alia
554 3188 608 3246 per
632 3187 665 3227 se
682 3186 779 3244 grece,
797 3166 899 3243 aliqua
924 3165 1019 3223 etiam
1044 3183 1114 3241 pars
1136 3172 1260 3225 tantum

152 3262 272 3336 siriste3
302 3264 406 3341 itaque
434 3264 575 3340 quoniam
599 3263 765 3340 episcopus,
788 3260 860 3318 licet
887 3259 989 3317 siriste
1010 3260 1130 3318 noverit
1158 3267 1262 3320 tamen

152 3376 269 3432 semper
296 3377 384 3434 grece
411 3357 548 3435 loquitur
574 3363 607 3416 et
629 3375 794 3433 numquam
822 3355 931 3426 siriste,
961 3354 1066 3431 itaque
1099 3373 1171 3432 ergo
1198 3362 1263 3415 stat

154 3470 271 3528 semper
294 3453 461 3529 presbyter,
487 3452 548 3529 qui,
568 3452 707 3528 episcopo
728 3469 817 3527 grece
840 3449 969 3521 dicente,
994 3449 1096 3509 siriste
1117 3450 1264 3529 interpre-

155 3552 249 3618 tatur,
278 3553 314 3605 ut
341 3566 444 3606 omncs
471 3546 601 3605 audiant
632 3565 711 3623 quae
736 3551 932 3622 exponuntur
944 3564 953 3617 ;
987 3543 1132 3604 lectiones
1159 3545 1260 3618 etiam,

151 3660 356 3719 quaecumque
378 3643 412 3700 in
434 3641 560 3700 ecclesia
581 3640 735 3718 leguntur,
762 3641 836 3718 quia
858 3657 978 3697 necesse
1007 3646 1055 3698 est
1076 3659 1164 3717 grece
1190 3640 1259 3718 legi,

156 3755 273 3813 semper
286 3743 351 3795 stat
364 3735 417 3814 qui
431 3737 533 3795 siriate
546 3737 779 3813 interpretatur,
793 3741 916 3812 propter
929 3734 1080 3812 populum,
1096 3742 1130 3794 11
1148 3755 1265 3813 semper

156 3828 286 3893 discant.
328 3829 408 3889 Sane
427 3831 608 3909 quicumque
628 3830 678 3889 hic
699 3830 791 3888 latini
805 3836 884 3901 suut,
901 3830 933 3888 id
954 3835 1001 3888 est
1021 3830 1075 3907 qui
1095 3850 1150 3890 nec
1163 3831 1265 3891 siriste

156 3944 212 3983 nec
232 3942 318 4001 grece
339 3932 500 3998 noverunt,
514 3944 553 3983 ne
568 3925 797 3995 contristentur,
812 3929 844 3981 et
865 3923 939 4001 ipsis
953 3925 1079 4000 exponit
1099 3924 1262 4002 episcopus,

156 4017 229 4095 quia
243 4024 316 4076 sunt
329 4018 383 4076 alii
402 4018 515 4078 iratres
529 4025 561 4078 st
575 4037 691 4078 sorores
705 4017 786 4095 greci
806 4016 907 4093 latini,
921 4018 976 4095 qui
996 4018 1093 4077 latine
1108 4026 1264 4097 exponunt

157 4112 210 4173 eis.
253 4109 337 4171 illud
364 4118 468 4171 autem
497 4111 547 4171 hic
574 4118 647 4171 ante
668 4111 769 4170 omnia
793 4110 883 4168 valde
910 4117 1032 4188 gratum
1060 4111 1096 4169 fit
1119 4119 1152 4171 et
1176 4113 1265 4173 valde
