2814 4816
147 389 214 456 474
257 407 435 458 camaena
458 406 627 457 wossmr:
651 407 704 456 1re
725 407 842 458 osiam
866 410 935 460 aaa
957 410 1164 473 avonurroa.

148 563 192 622 Et
212 571 277 625 stat
296 587 377 626 unus
390 566 428 626 de
448 568 529 626 scola
550 573 623 625 ante
643 567 816 644 pontificem
830 575 863 626 et
877 567 974 630 dicit:
995 568 1183 630 “Intrate'’
1224 570 1267 630 ln

146 659 292 719 inchoant
312 661 511 739 antiphonam
525 662 565 721 od
586 662 758 720 introitum.
800 661 843 721 Et
861 662 1019 723 antecedit
1040 665 1267 725 oblationarius

146 772 214 812 cum
228 753 347 814 duobus
368 757 461 814 cereis
480 757 513 814 in
533 776 626 816 manu
648 776 796 831 accensos,
812 764 845 816 et
867 759 953 835 ponit
975 777 1027 817 eos
1049 766 1138 819 retm
1159 761 1267 831 altare,

145 849 225 907 siout
248 868 312 907 moe
335 855 391 908 est.
435 849 478 907 Et
497 849 652 927 egreditur
672 851 811 927 pontifex
833 852 1024 930 dessscrano
1040 872 1111 912 cum
1132 854 1266 914 diaconi·

146 942 203 1000 bua
224 949 256 1000 et
276 942 571 1016 thimiamaterium,
591 951 735 1020 portante
743 945 765 983 (ι)
792 964 859 1004 eam
880 945 1064 1005 subdiacono
1088 950 1265 1026 temperita

147 1036 230 1095 Dum
244 1038 358 1096 transit
377 1057 432 1115 per
452 1038 542 1109 scola,
562 1038 651 1114 jubet
665 1044 702 1097 ut
715 1038 837 1098 dicatur
860 1038 972 1098 Gloria.
1016 1039 1059 1097 Et
1080 1043 1175 1100 uenit
1193 1048 1266 1100 ante

145 1130 250 1203 altare,
266 1137 299 1189 et
320 1132 450 1190 inclinat
471 1150 502 1190 se
522 1131 562 1190 ad
583 1131 762 1205 oracionem,
780 1152 874 1210 usque
897 1132 969 1191 dum
991 1132 1069 1191 dicit
1092 1153 1205 1194 versus
1227 1135 1266 1194 ad

145 1223 349 1301 repetendum,
372 1232 404 1285 et
426 1226 525 1302 surgit
551 1227 590 1284 ab
610 1227 757 1299 oratione,
777 1227 933 1286 osculetur
954 1227 1062 1299 altare,
1086 1235 1123 1287 et
1143 1228 1265 1288 diaconi

143 1318 292 1390 similiter,
307 1319 378 1378 hinc
393 1325 425 1378 et
443 1318 525 1381 inde.
569 1321 641 1398 Ipsa
662 1320 830 1398 antiphona
851 1320 982 1399 expleta,
996 1340 1060 1380 non
1081 1321 1164 1381 dicit
1184 1323 1265 1382 aeola

144 1411 237 1488 Kyrie
256 1412 371 1485 eleison,
386 1419 418 1471 et
438 1412 587 1491 pontifex,
603 1421 690 1473 stans
710 1421 784 1474 onte
805 1415 913 1488 altere,
934 1415 1084 1492 aspiciens
1106 1416 1265 1494 populum,

144 1506 220 1564 dicit
241 1506 382 1566 Dominae
403 1506 540 1566 vobiscum
560 1514 592 1567 et
609 1507 736 1581 Oramsa,
751 1514 784 1567 et
804 1507 950 1569 diaeonus
971 1508 1143 1569 flectamus
1163 1530 1265 1587 penae,

144 1609 177 1662 et
197 1603 280 1663 iacto
302 1605 476 1677 intervallo,
498 1605 574 1664 dicit
595 1605 710 1665 Lavate.
755 1607 798 1664 Et
820 1606 896 1666 dicit
918 1605 1060 1684 pontifex
1080 1609 1265 1668 orationem.

145 1697 217 1774 Ipsa
255 1697 386 1775 expleta,
423 1699 533 1757 annuit
570 1698 707 1758 scolae<¹⁰
739 1706 776 1758 ut
803 1699 926 1758 inchoet
952 1699 1168 1777 antiphonam
1223 1701 1265 1760 Et

144 1791 268 1849 interim
282 1791 481 1868 egrediuntur
496 1810 599 1851 omnes
613 1791 651 1851 de
665 1792 800 1852 ecclesia.
842 1791 991 1852 Primitua
1009 1793 1093 1851 enim
1116 1813 1265 1871 pauper-m

144 1884 182 1943 de
204 1883 381 1957 xenodoxio,
405 1904 474 1943 cum
496 1903 586 1944 cruce
609 1885 712 1962 lignea
732 1885 824 1962 picta,
849 1884 1008 1944 clamando
1032 1884 1129 1961 Kyrie
1151 1887 1265 1962 etaim,

144 1977 253 2037 deinde
270 1976 380 2039 ttriate
394 1978 509 2052 abaco,
523 1977 595 2038 inde
611 1976 722 2039 Uiriato
736 1979 809 2037 cadi
826 1999 886 2052 ooo,
901 1978 1011 2038 deinde
1031 1977 1147 2040 Sancto
1161 1981 1264 2041 Mario

142 2091 195 2130 oro
208 2092 264 2150 pro
277 2071 367 2145 ochis,
382 2079 415 2130 et
428 2079 553 2132 ceteros.
595 2072 639 2130 Et
656 2077 726 2149 post
745 2072 826 2149 ipsos
839 2072 1036 2150 egrediantur
1057 2093 1167 2134 cruces
1181 2075 1261 2139 VII.

143 2166 350 2238 stacionarias,
371 2171 531 2242 portantes
551 2166 591 2224 ab
605 2163 799 2237 stauroioros‚
815 2164 931 2224 habens
949 2165 982 2223 in
996 2185 1184 2246 unaquaque
1199 2169 1264 2230 111.

142 2279 283 2319 accensos
297 2279 406 2319 cereos.
451 2258 572 2319 Deinde
593 2265 738 2318 secuntur
759 2260 889 2336 episcopi
904 2259 951 2317 vel
965 2261 1132 2337 presbiteri
1147 2270 1181 2322 et
1196 2265 1261 2322 suh

143 2353 271 2427 diaconi,
286 2351 396 2412 deinde
416 2352 558 2430 pontifex
572 2372 640 2412 oum
655 2351 833 2411 diaconibus
847 2357 880 2411 et
893 2352 953 2411 due
972 2371 1075 2411 cruces
1090 2362 1168 2414 ante
1182 2377 1259 2429 eum,

142 2454 302 2527 portantes
316 2467 335 2506 a
349 2445 583 2506 subdiaconibus
596 2452 628 2504 et
642 2446 875 2504 timiamasteria
895 2451 1059 2522 portantur
1073 2467 1094 2505 a
1110 2452 1260 2509 mansion-

142 2542 215 2601 ariis
233 2542 385 2614 ecclesiae,
399 2547 432 2599 et
445 2541 526 2600 scola
546 2546 615 2618 post
634 2539 808 2617 pontificem
828 2538 994 2617 psallendo,
1009 2542 1063 2598 et¹
1085 2541 1162 2601 dum
1185 2565 1260 2603 eom.

141 2637 225 2714 pieta
252 2655 313 2695 non
342 2640 490 2712 repetunt
519 2634 680 2712 presbiteri
708 2633 756 2691 vel
784 2633 960 2692 subdiaconi
987 2634 1041 2711 qui
1068 2638 1260 2697 antecedunt

140 2731 331 2810 pontificem:
359 2736 392 2788 et
418 2727 699 2807 adpropinquantes
729 2728 854 2786 eeclesia
881 2728 986 2804 prima,
1017 2727 1170 2790 inchoant
1199 2734 1258 2792 lae

140 2827 266 2885 taniam.
309 2825 351 2882 Et
373 2825 497 2883 interim
521 2822 595 2882 dum
619 2822 756 2880 dixerint
780 2822 915 2881 laetania
936 2820 976 2880 ad
999 2821 1080 2882 iores
1103 2826 1257 2900 ecclesiae,

139 2925 239 2984 intrat
259 2921 410 3000 pontifex,
425 2920 597 2980 sacerdotes
613 2919 662 2978 vel
682 2918 803 2980 diaconi
822 2921 856 2979 in
876 2919 1002 2979 ecclesia
1022 2920 1061 2978 ad
1083 2925 1257 2985 orationem

139 3026 172 3078 et
185 3023 348 3077 revertunt
360 3017 400 3075 ad
414 3017 534 3075 scolam.
577 3015 620 3073 Et
633 3015 866 3092 percompletam
887 3013 1044 3091 letaniam,
1058 3015 1138 3077 dicit
1157 3024 1258 3098 ponti.

138 3113 191 3172 iex
211 3112 353 3171 Dominus
372 3110 512 3170 actiacam
533 3115 566 3169 et
581 3109 720 3181 Oratim
741 3115 775 3167 et
787 3107 931 3168 diaconus
951 3108 1119 3171 chwmue
1138 3133 1237 3191 peace
1247 3138 1258 3188 ,·

137 3212 257 3285 etpost
278 3206 438 3284 paululum
459 3203 577 3266 Leonte.
618 3204 661 3262 Et
681 3204 820 3280 sequitur
839 3204 938 3263 oratio
952 3224 971 3263 a
984 3205 1139 3282 pontifice.
1184 3209 1259 3269 Ora

137 3304 220 3361 tione
234 3302 364 3378 expleta,
376 3300 489 3358 annuit
502 3305 539 3358 ut
553 3299 674 3358 dicatur
688 3298 749 3356 alia
758 3297 935 3375 antiphona.
972 3298 1123 3360 Similiter
1136 3301 1258 3364 iaciant

137 3416 191 3474 per
205 3414 325 3455 omnem
339 3394 497 3453 ecclesiam
512 3393 565 3452 ubi
579 3391 764 3452 consuetudo
778 3398 833 3452 est.

199 3488 277 3550 Oum
299 3493 403 3546 autem
431 3486 741 3564 adpropinquaverint
767 3487 881 3544 atrium
908 3485 1051 3546 eeclesiae
1078 3487 1135 3549 ubi
1160 3497 1259 3554 statio

136 3583 324 3644 denuntiata
344 3586 401 3654 est,
416 3581 528 3640 annuit
549 3579 689 3658 pontifex
709 3580 742 3638 in
763 3580 895 3640 swrario
914 3585 947 3640 et
959 3578 1080 3642 diaconi
1094 3603 1166 3646 cum
1181 3588 1258 3667 ipso.

490 3843 494 3877 ι,
521 3811 552 3881 (i)
571 3816 680 3884 portent
691 3827 752 3867 eam
764 3810 929 3871 subdiaconi.

510 3895 551 3967 (ii)
569 3893 650 3952 scola

544 4115 552 4146 ¹
569 4116 595 4166 Α
605 4117 710 4180 corrupt
721 4128 838 4181 masaga
