2814 4816
610 368 782 417 arrruorx.
1189 350 1251 415 461

144 524 289 597 evenerit,
303 526 466 602 presbiteri
484 527 634 588 inclinato
649 529 751 607 capite
765 533 859 601 stant,
876 534 909 587 et
923 527 949 587 si
963 526 1125 587 cotidianis
1138 527 1255 600 diebus,

144 637 244 696 genua
264 620 392 679 flectant
412 623 535 699 quando
553 623 699 683 inchoant
719 621 851 684 Sanctus.
902 623 946 682 Et
973 624 1103 683 veniunt
1130 621 1256 682 acolithi

144 718 263 771 stantes
283 719 357 772 ante
377 716 476 775 altare
496 723 565 794 poet
585 717 735 789 diaconos,
756 716 867 775 dextra
885 717 1021 795 levaque,
1036 716 1169 777 involuti
1186 734 1255 774 cum

144 807 329 872 sindonibus.
381 811 425 868 Et
452 831 532 870 unus
558 830 597 869 ex
624 811 684 870 illis
712 811 868 870 involutus
896 809 934 870 de
961 811 1044 888 palla
1072 829 1140 868 curn
1167 829 1257 868 cruce

144 904 243 973 sirica,
270 910 379 963 tenens
406 910 551 983 patenam
578 911 687 963 contra
713 909 820 982 pectus
844 924 942 976 suum,
965 910 1052 963 stans
1075 903 1201 981 primus,
1223 909 1256 962 et

145 999 198 1057 alii
217 1005 360 1058 tenentes
380 999 479 1059 sciffos
499 1018 568 1059 cum
587 999 698 1071 fontes,
720 999 774 1058 alii
794 998 922 1058 saccula.
965 1000 1008 1057 Et
1035 999 1108 1058 dum
1136 1000 1257 1058 venerit

144 1093 284 1171 pontifex
305 1093 344 1153 ad
365 1094 455 1154 manis
475 1094 563 1154 tcacr
583 1102 611 1153 et
630 1093 735 1172 gloria,
756 1096 839 1154 levat
859 1093 935 1153 duas
954 1095 1075 1154 oblatas
1093 1095 1128 1153 in
1146 1113 1256 1152 manus

145 1207 224 1260 suas,
245 1194 279 1246 et
298 1187 444 1247 diaconus
464 1188 587 1246 calicem
605 1194 713 1246 tenens
732 1195 765 1247 et
781 1189 889 1248 levans
901 1187 1059 1266 paululum
1073 1186 1255 1266 usquedum

145 1280 238 1341 dicit:
259 1280 427 1340 Peroratio
440 1280 558 1340 saecula
571 1281 756 1354 saeculorum,
772 1301 863 1341 amco.

207 1375 249 1434 Et
270 1383 401 1454 surgunt
422 1378 462 1435 ab
481 1377 620 1435 oracione
641 1376 760 1435 diaconi
783 1396 837 1435 seu
861 1383 894 1434 et
918 1376 1098 1447 sacerdotes,
1124 1381 1158 1433 et
1182 1374 1254 1433 dnm

146 1469 260 1529 dixerit
279 1470 436 1548 pontifex:
464 1469 535 1529 Pae
555 1470 675 1530 Domini
695 1471 733 1530 sit
755 1490 865 1549 semper
885 1469 1030 1542 vobiscum,
1055 1470 1166 1548 accipit
1188 1471 1258 1529 sub-

146 1561 289 1622 diaconus
309 1570 454 1642 patenam
474 1565 514 1622 ab
534 1564 667 1623 acolitho
687 1569 720 1623 et
739 1565 875 1641 porriget
899 1582 965 1622 eam
989 1563 1201 1622 archidiacono
1225 1570 1258 1623 et

145 1665 233 1716 tenet
259 1678 325 1717 eam
352 1659 393 1719 ad
420 1658 578 1718 demerem
602 1659 755 1737 pontificis
777 1665 810 1717 et
831 1658 948 1736 frangit
970 1678 1063 1717 unam
1085 1678 1123 1717 ex
1145 1659 1257 1718 oblatis

146 1770 222 1828 quas
242 1752 332 1810 offert
353 1771 409 1830 pro
430 1772 464 1812 se
485 1759 517 1811 et
539 1752 671 1811 dimittit
695 1772 836 1811 coronam
861 1753 956 1829 ipsius
979 1771 1070 1830 super
1094 1753 1201 1825 altare,
1224 1758 1257 1812 et

146 1846 234 1923 ponit
256 1865 348 1904 unam
369 1847 521 1923 integrm
545 1851 578 1905 et
602 1846 694 1904 aliam
718 1844 849 1904 mediam
873 1845 907 1903 in
930 1852 1074 1921 patenam
1098 1852 1131 1904 et
1155 1845 1258 1905 reddit

148 1937 377 1998 archidiaconus
397 1946 542 2017 patenam
560 1939 599 1998 ad
616 1939 786 2012 assolitam,
801 1945 833 1998 et
846 1938 986 2017 pontifex
1001 1938 1088 1998 vadit
1102 1938 1257 2000 adsedem

148 2051 243 2091 suam.
287 2032 407 2091 Deinde
434 2033 679 2110 confranguntur
706 2032 759 2091 alii
787 2031 907 2091 diaconi
933 2033 967 2090 in
993 2038 1114 2110 patena,
1144 2052 1198 2092 seu
1226 2041 1258 2093 et

147 2126 278 2204 episcopi
300 2127 334 2185 in
357 2127 468 2186 dextra
491 2132 581 2205 parte
605 2126 717 2187 abside.
768 2126 890 2185 Deinde
917 2126 1001 2185 levat
1029 2125 1258 2187 archidiaconus

148 2219 271 2277 calicem
292 2220 331 2279 de
351 2221 449 2279 altare
470 2226 502 2279 et
523 2219 638 2278 datad
659 2218 887 2292 subdiaconum,
908 2225 940 2278 et
962 2225 1028 2278 stat
1048 2238 1117 2278 cum
1136 2220 1201 2297 ipso
1219 2220 1259 2281 ad

148 2314 259 2373 dextro
279 2334 373 2374 cornu
394 2315 511 2387 altaris,
528 2320 561 2371 et
579 2313 716 2389 psallunt
735 2313 860 2371 acolithi
879 2312 918 2372 ad
935 2313 1034 2371 altare
1048 2333 1117 2371 cum
1130 2314 1258 2386 saccula,

149 2416 183 2468 et
202 2415 291 2468 stant
310 2411 390 2468 eirca
410 2409 516 2481 altare,
539 2413 572 2466 et
591 2408 680 2484 ponit
697 2405 927 2466 archidiaconus
940 2407 1059 2466 oblatas
1073 2426 1127 2484 per
1141 2408 1261 2466 saccula

148 2509 183 2562 et
212 2510 413 2562 revertuntur
443 2502 482 2561 ad
508 2502 691 2579 presbiteros
719 2506 756 2560 ut
783 2499 1024 2578 confrangantur
1051 2499 1106 2558 etl
1134 2501 1259 2560 interim

148 2599 287 2676 psallunt
308 2597 400 2658 Beati
418 2595 597 2655 immaculati
616 2601 735 2655 secreto
754 2596 917 2672 presbiteri
938 2596 987 2654 vel
1010 2594 1153 2658 diaconi:
1181 2602 1213 2655 et
1235 2597 1262 2655 si

150 2694 315 2752 necessitas
344 2692 489 2763 evenerit,
519 2696 701 2766 rumpantur
727 2689 870 2767 primitus
896 2689 1018 2750 oblatae
1046 2709 1065 2747 a
1091 2690 1261 2768 presbitero

150 2792 183 2845 et
203 2787 285 2846 sicut
304 2785 490 2862 frangantur
510 2782 688 2842 subdiaconi
708 2783 881 2859 regionarii.
924 2781 967 2839 Et
989 2783 1157 2842 revertitur
1180 2784 1261 2843 scola

149 2880 185 2937 in
204 2877 391 2956 presbiterio,
410 2877 444 2934 in
461 2880 550 2952 parte
566 2873 701 2945 sinistra,
715 2878 748 2932 et
761 2874 872 2931 annuit
885 2871 1115 2933 archidiaconus
1129 2875 1210 2934 scola
1224 2881 1262 2934 ut

151 2972 274 3031 dicatur
298 2969 400 3047 Agnus
423 2968 491 3028 Dei.
533 2966 576 3025 Et
603 2967 738 3041 interim,
766 2966 839 3026 dum
866 2965 1120 3043 confranguntur,
1149 2968 1261 3028 iterum

152 3065 343 3143 respondent
367 3063 493 3122 acolithi
516 3063 569 3139 qui
591 3061 690 3120 sciffos
713 3068 747 3120 et
773 3062 890 3120 amulas
902 3059 925 3098 (ὓ
945 3067 1055 3120 tenent
1075 3061 1176 3138 Agnus
1195 3062 1263 3122 Dei.

153 3159 196 3217 Et
234 3158 307 3216 dum
344 3158 477 3216 fractum
514 3154 688 3227 habuerint,
727 3155 840 3231 accipit
877 3152 1106 3212 archidiaconus
1140 3154 1262 3212 calicem

152 3261 293 3313 sanctum
314 3273 333 3311 a
354 3252 547 3321 subdiacono,
569 3256 602 3307 et
622 3250 701 3309 alius
722 3250 867 3309 diaconus
888 3255 1032 3327 patenam
1057 3249 1097 3308 ab
1120 3249 1261 3323 acolitho,

153 3356 186 3408 et
200 3348 318 3408 vadunt
333 3353 407 3407 ante
419 3344 603 3424 pontificem.

215 3444 340 3521 Accipit
359 3440 500 3520 pontifex
520 3445 628 3498 sancta
648 3439 687 3498 de
706 3445 830 3518 patene,
851 3436 965 3498 mordit
985 3456 1024 3496 ex
1044 3455 1081 3497 sa
1103 3437 1265 3515 particula,

635 3698 665 3766 (i)
684 3695 796 3752 amalae.

204 3991 213 4022 ¹
231 3990 290 4040 The
301 3987 383 4040 words
393 3991 416 4037 et
427 3985 602 4037 interimerem
613 3984 822 4050 eorrfroapuatur,
832 3982 860 4031 at
872 3978 928 4029 first
939 3977 1053 4040 lostost,
1064 3991 1131 4029 were
1147 3977 1267 4046 supplied

156 4083 188 4118 on
201 4067 247 4117 the
259 4065 399 4128 margines
409 4064 455 4114 the
466 4061 631 4127 manuscript.
