2814 4816
141 413 205 482 472
249 429 430 482 oss1sr1nn
452 431 621 483 wonsfflr:
645 433 698 484 irs
719 433 837 487 aarum
859 438 930 488 usn
950 438 1159 490 uvonmon.

680 871 721 934 V.

202 1107 280 1169 Ordo
294 1107 421 1187 qualitor
433 1108 466 1168 ia
479 1108 639 1169 ebdomada
652 1107 766 1170 Paselae
780 1129 868 1189 ueaue
881 1111 913 1170 iu
924 1110 1045 1171 sabbata
1057 1110 1097 1172 de
1113 1111 1210 1172 Albas

521 1224 639 1282 vespm
652 1203 868 1266 caelebrabitur.

204 1446 369 1524 Inprimis
392 1448 554 1507 Dominioa
574 1456 692 1522 sanem,
712 1448 787 1508 hora
807 1468 897 1521 nona,
919 1449 1062 1508 convenit
1085 1451 1172 1510 scola
1193 1471 1261 1510 cnm

142 1540 295 1619 episcopis,
317 1540 493 1619 presbiteris
514 1548 547 1600 et
568 1542 745 1601 diaconibus
767 1542 801 1600 in
823 1542 949 1601 ecclesia
970 1543 1087 1619 majore
1111 1564 1194 1622 quae
1215 1551 1263 1603 est

142 1632 299 1706 catholica,
316 1639 348 1692 et
366 1654 386 1692 a
404 1634 469 1693 loco
489 1636 626 1693 crucifixi
646 1635 797 1712 incipiunt
820 1633 924 1712 Clytie
946 1634 1052 1694 eleieou
1072 1643 1110 1695 et
1130 1640 1263 1697 veniunt

143 1744 238 1803 usque
258 1725 297 1784 ad
316 1727 423 1787 altare.
466 1726 716 1787 Ascendentibus
738 1727 915 1787 diaconibus
938 1729 972 1787 in
990 1729 1106 1806 poium,
1130 1733 1262 1810 episcopi

143 1823 176 1875 et
189 1818 353 1894 presbiteri
375 1825 559 1878 statuuntur
580 1820 652 1878 locis
672 1820 735 1878 suis
756 1820 789 1877 in
809 1820 996 1897 presbyterio
1010 1826 1043 1878 et
1055 1830 1170 1883 sancto
1189 1832 1263 1882 ante

143 1911 242 1970 altare
263 1915 348 1972 stet.¹
391 1913 495 1972 Finito
518 1911 620 1991 Olyrie
641 1913 754 1985 eleison,
775 1915 886 1972 annuit
907 1913 1143 1975 archidiaconus
1164 1919 1262 1995 primo

143 2006 251 2080 scolae,
266 2013 298 2066 et
316 2007 377 2080 ille,
392 2008 542 2067 inclinans
557 2027 589 2067 se
608 2007 661 2080 illi,
677 2007 785 2085 incipit
799 2006 929 2066 Alleluia
949 2027 1017 2067 oum
1038 2009 1161 2086 psalmo
1175 2010 1261 2070 Dicit

144 2098 285 2160 Dominus
298 2100 422 2160 Domina
435 2121 504 2160 meo.
548 2100 615 2162 Hoc
629 2101 761 2178 expleto,
775 2102 887 2162 iterum
900 2103 1010 2161 annuit
1025 2102 1262 2164 archidiaconus

144 2193 276 2253 secundo
296 2194 345 2254 vel
366 2195 415 2253 cui
435 2193 568 2254 voluerit
588 2194 627 2253 de
647 2194 736 2264 scola,
752 2195 805 2254 sod
826 2201 859 2255 et
878 2195 1019 2254 omnibus
1040 2197 1262 2275 incipientibus

144 2284 201 2344 hoc
225 2285 313 2346 modo
336 2287 539 2366 praecipitet
563 2286 639 2346 dicit
662 2287 775 2346 iterum
797 2286 928 2347 Alleluia
950 2307 1018 2347 cum
1046 2290 1168 2367 psalmo
1192 2291 1260 2351 CX.

144 2378 289 2456 Sequitur
302 2386 373 2457 post
386 2379 467 2439 hunc
482 2381 596 2456 primus
615 2380 713 2439 scolae
734 2399 801 2439 cum
821 2380 1047 2459 paraphonistis
1067 2383 1263 2444 instantsbus

146 2472 277 2532 Alleluia
291 2480 324 2533 eb
337 2473 522 2551 respondent
542 2474 769 2552 paraphonista.
813 2474 958 2553 Sequitur
971 2476 1179 2537 subdiaconus
1194 2499 1261 2538 cum

145 2567 317 2627 infantibus
337 2587 458 2627 versum
473 2567 613 2627 Doaaiuua
633 2568 763 2646 reauauil
775 2567 875 2629 decore
889 2569 1005 2642 iaduit3
1025 2577 1059 2630 et
1072 2574 1262 2650 respondent

145 2662 379 2740 paraphonistae
399 2662 551 2736 Alleluia‚·
573 2663 648 2721 item
666 2683 788 2723 versum
809 2662 925 2722 Parala
946 2663 1027 2723 sedeo
1047 2672 1100 2724 lua
1122 2666 1216 2741 Deua,
1231 2678 1264 2726 ct

145 2757 283 2833 sequitur
318 2755 449 2815 Alleluia
476 2777 495 2816 a
525 2757 770 2835 paraphonistis;
803 2759 876 2817 item
911 2777 1031 2818 versum
1065 2758 1263 2822 Elaaaoeraal

139 2851 267 2929 flumina
294 2849 425 2924 Domino,
455 2858 488 2910 et
516 2852 640 2928 reliqua.
683 2851 758 2911 Post
784 2852 839 2911 hos
866 2871 971 2911 versus
998 2852 1118 2912 salutat
1145 2856 1262 2932 primus

146 2944 244 3002 scolae
264 2944 485 3016 archidiacono,
500 2951 532 3003 et
549 2944 602 3003 iilo
622 2950 778 3003 annuente
799 2945 908 3022 incipit
928 2943 1059 3004 Alleluia
1078 2966 1150 3007 cnm
1172 2950 1263 3009 melo

146 3038 221 3110 dias,
250 3038 339 3096 simul
368 3057 433 3097 cum
462 3037 643 3096 infantibus.
698 3037 767 3108 Qua
798 3039 921 3117 expleta
955 3039 1142 3117 respondent
1175 3062 1263 3120 para·

146 3132 289 3211 phoniste
308 3132 406 3210 prima
427 3131 560 3192 Alleluia
581 3139 613 3190 et
633 3133 749 3191 finitur.
793 3132 869 3192 Post
891 3132 970 3191 hanc
994 3134 1105 3211 incipit
1129 3134 1264 3196 Alleluia

146 3227 260 3285 tercius
282 3225 320 3285 de
341 3227 422 3285 scola
445 3227 479 3285 in
500 3226 615 3304 psalmo
638 3225 744 3296 OXL3
765 3233 834 3304 post
858 3226 940 3285 hunc
964 3228 1103 3305 sequitur
1128 3229 1263 3291 Alleluia

147 3321 253 3379 ordine
267 3341 326 3398 qno
339 3341 449 3398 supra:
471 3319 611 3380 Alleluia.
655 3318 774 3380 Pascha
787 3327 934 3392 nostrum
955 3340 1059 3380 versus
1073 3320 1263 3401 Aepuleusur.

149 3413 241 3473 Hanc
268 3414 429 3492 expletam,
455 3413 593 3474 ordinem
620 3434 680 3493 quo
706 3433 806 3491 supra,
836 3413 947 3491 incipit
973 3412 1209 3476 archidiaconus
1232 3420 1265 3478 in

147 3509 304 3586 evangelio
322 3508 521 3586 antiphonam
539 3507 605 3568 Scio
623 3506 699 3587 quael
714 3507 813 3568 Jeaum
832 3507 951 3586 quercu
970 3507 1145 3586 cnm‘fiaum.
1191 3511 1266 3592 Ipsa

147 3603 279 3681 expleta,
295 3602 371 3661 dicit
383 3603 522 3662 sacerdos
534 3603 712 3663 orationem.

211 3697 293 3756 Dein
312 3696 467 3757 descendit
485 3697 525 3756 ad
543 3696 646 3757 fontes
665 3696 824 3774 psallendo
842 3696 1040 3776 antiphonam
1054 3695 1092 3757 la
1106 3699 1157 3760 die
1169 3721 1266 3762 reue

148 3791 281 3850 rectionis
304 3811 392 3864 meae,
416 3809 506 3869 quam
527 3796 565 3849 ut
588 3791 724 3849 finierint
748 3789 911 3850 inchoatur
935 3788 1088 3863 Alleluia,·
1117 3793 1267 3871 psallitur

150 3889 283 3966 memus
318 3887 423 3948 CXII.
480 3886 552 3967 Ipso
585 3889 716 3967 expleto,
753 3887 890 3967 sequitur
922 3885 1064 3960 Alleluia,
1092 3888 1122 3949 0
1154 3889 1268 3970 Karta

282 4125 1150 4192 ¹1unueaundtusmunguueaauuuaauuaunm
