2814 4816
181 414 244 480 360
289 431 467 481 CHRISTIAN
490 429 658 480 wossmr:
682 431 733 479 ITS
755 430 869 480 0me
892 429 961 478 AND
983 424 1178 478 uvouuulon'.

247 590 429 676 Ioteitctory
439 590 494 643 1—

234 765 355 833 Oremns,
385 765 547 823 dilectissimi
577 766 662 833 uobis,
686 771 718 822 ut
747 764 789 821 his
812 764 876 819 viris
905 763 941 819 ed
970 761 1111 818 utilitatem
1142 758 1288 815 Ecclesiae

179 849 376 923 provehendis²
388 850 538 924 benignitas
550 848 740 923 omnipotentis
752 848 803 905 Dei
814 848 916 920 gretiee
928 863 994 903 suec
1006 845 1105 902 tribuet
1116 842 1278 915 lergitetem.

247 1081 376 1167 Litouy.

245 1322 412 1407 Proper-

233 1487 386 1560 Propitiere,
411 1486 533 1556 Domine,
553 1486 790 1560 supplicationibus
811 1486 916 1554 nostris,
936 1490 966 1540 et
984 1483 1111 1540 inclincto
1134 1499 1214 1556 super
1239 1482 1292 1537 hos

178 1571 292 1627 tumulos
309 1577 369 1627 tuos
381 1588 464 1627 cornu
481 1570 583 1642 gretiee
595 1568 767 1626 secerdotelis
785 1566 977 1625 benedictionis
994 1573 1057 1623 tuse
1074 1565 1104 1620 in
1121 1581 1168 1622 eos
1179 1562 1290 1620 effunde

180 1655 315 1712 vinuum.

244 1899 444 1965 Eucharistic
466 1901 633 1985 Proper-

233 2095 305 2151 Vcre
317 2095 434 2166 dignum.
455 2139 461 2152 .
482 2137 488 2152 .
509 2136 515 2150 .
554 2096 628 2151 Deus
640 2095 771 2152 honorum
782 2094 990 2164 omnium,Deus
1002 2094 1120 2150 omnium
1130 2093 1292 2166 dignitatum

178 2196 249 2252 quee
272 2179 372 2250 glories
397 2186 459 2235 tuee
489 2179 599 2235 secretis
628 2179 791 2236 tumulentur
820 2179 956 2235 ordinibus
963 2196 971 2248 ;
1002 2180 1075 2234 Deus
1098 2178 1143 2250 qui
1174 2178 1290 2250 Moysen

179 2262 309 2318 tumulum
328 2268 404 2316 tuum
422 2262 517 2316 secreti
535 2260 671 2317 semiliuris
688 2265 781 2328 effetu,
799 2262 868 2317 iuter
884 2269 973 2317 cetere
990 2260 1112 2317 ceclestis
1129 2259 1292 2317 documenta

179 2344 301 2401 cultures
326 2344 359 2400 de
381 2345 475 2400 hebitu
499 2362 604 2417 quoquc
629 2344 778 2401 indumenti
803 2344 974 2401 sacerdotalis
997 2344 1148 2415 instituens,
1173 2343 1291 2399 electum

179 2427 272 2483 Acron
302 2426 417 2497 mystico
448 2426 549 2481 emictu
573 2426 665 2483 vestiri
695 2427 765 2485 inter
788 2445 865 2484 sucre
884 2427 1005 2501 jussisti3
1036 2434 1068 2483 ut
1096 2426 1291 2499 intelligentius

180 2527 290 2566 sensum
310 2509 343 2565 de
367 2508 497 2582 exemplis
521 2510 638 2582 priorum
663 2518 772 2583 cuperet
794 2517 919 2567 secuture
942 2510 1092 2584 posteritas,
1118 2527 1154 2566 ne
1175 2509 1291 2566 eruditio

179 2591 317 2649 doctrines
335 2599 398 2648 tuee
410 2591 458 2648 ulli
470 2592 576 2649 deesset
593 2597 685 2664 eeteti,
698 2612 759 2651 cum
778 2602 807 2651 et
823 2594 896 2668 epud
912 2602 1018 2651 ueteres
1035 2593 1214 2651 reuerentiem
1232 2593 1294 2666 ipsu

178 2676 402 2749 significeticuum
413 2676 516 2747 species
528 2678 661 2733 obtineret
675 2685 704 2734 ct
719 2678 791 2751 epud
804 2695 855 2734 nos
867 2678 980 2734 certiore
996 2683 1086 2735 essent
1102 2675 1290 2751 experimenta

179 2777 269 2817 rerum
288 2777 369 2833 quem
392 2760 545 2831 aenigmate
564 2760 716 2832 figuremm.
752 2760 829 2817 Illius
852 2777 967 2833 nemque
987 2759 1130 2816 sacerdotii
1150 2759 1292 2814 euterioris

179 2845 289 2901 habitus
301 2850 406 2898 nostrae
419 2844 516 2899 mentis
528 2851 637 2900 ornetus
649 2851 698 2915 eet,
711 2849 739 2900 et
757 2843 937 2916 pontificalem
955 2842 1067 2914 glorium
1079 2860 1133 2898 non
1143 2844 1199 2914 jem
1211 2840 1292 2897 uobis

181 2929 265 2985 honor
283 2926 453 2983 commendet
470 2927 586 2983 vestium
604 2927 651 2984 sed
669 2927 794 3000 splendor
811 2927 969 2985 animorum.
1006 2926 1074 2994 Quis
1097 2933 1126 2982 et
1149 2925 1195 2982 ille
1218 2943 1290 2998 quse

180 3017 245 3068 tunc
265 3010 413 3067 cemelibus
436 3009 642 3066 blendiebentnr
662 3011 799 3067 obtutibus
819 3029 852 3068 ee
872 3011 962 3084 potius
985 3028 1056 3084 quee
1077 3010 1105 3066 in
1125 3009 1192 3084 ipsis
1211 3016 1291 3066 erent

180 3096 353 3167 intelligenda
377 3095 533 3169 poscebeut.
569 3096 605 3150 Et
634 3095 735 3152 idcirco
758 3095 801 3151 bis
824 3096 931 3152 temulie
954 3095 1007 3151 tuis
1037 3112 1105 3168 quos
1127 3094 1163 3150 ed
1191 3094 1292 3150 cummi

178 3181 320 3239 secerdotii
337 3181 513 3236 ministerium
532 3180 662 3252 delegisti,
674 3181 745 3236 hene
762 3198 933 3254 qneeeumue,
944 3180 1068 3248 Domine,
1080 3179 1193 3251 gretiam
1209 3178 1291 3250 lurgi-

178 3266 240 3337 eris,
258 3271 290 3321 ut
309 3264 436 3338 quidquid
454 3263 500 3319 ille
512 3263 646 3320 velemine
665 3265 693 3320 in
714 3264 817 3337 fulgore
837 3267 903 3336 euri,
920 3266 949 3320 iu
968 3265 1054 3320 nitore
1070 3281 1244 3336 gemmarum,
1257 3263 1288 3319 in

180 3349 330 3407 multimodi
349 3349 437 3421 operis
449 3348 578 3404 veristete
602 3348 751 3420 signebent‚
772 3349 824 3404 boc
846 3349 873 3403 in
890 3349 985 3404 horum
1002 3347 1120 3403 moribus
1136 3345 1294 3418 cutibusque

181 3436 319 3494 clarescet
356 3433 466 3505 Comple
488 3434 516 3488 iu
538 3432 721 3489 sacerdotibus
743 3433 796 3489 tuis
812 3432 933 3505 mysterii
953 3431 993 3488 tui
1010 3448 1151 3501 summum,
1167 3436 1196 3486 et
1214 3447 1294 3487 cruu-

181 3520 279 3578 mentis
296 3519 379 3575 totius
396 3517 594 3589 glorificationis
611 3519 756 3574 instructoe
768 3516 890 3573 caelestis
902 3516 1032 3587 unguenti
1048 3514 1131 3571 liuore
1143 3514 1293 3572 seuctifice.

181 3605 251 3672 Hoc,
275 3603 399 3673 Domine,
425 3602 531 3673 copiose
555 3607 701 3657 incorum
725 3611 808 3673 ceput
838 3599 940 3670 influet,
965 3599 1017 3655 boc
1041 3599 1069 3654 in
1094 3600 1147 3656 oris
1170 3597 1294 3671 subjecte

180 3688 310 3758 decurret,
323 3686 376 3743 hoc
393 3687 421 3740 iu
439 3687 521 3742 totius
533 3685 650 3759 corporis
664 3691 786 3741 extreme
804 3684 958 3751 descendet,
970 3690 1001 3739 ut
1018 3683 1059 3739 tui
1077 3682 1190 3756 Spiritus
1202 3683 1292 3740 virm

181 3779 211 3828 et
230 3770 356 3827 interiore
377 3769 472 3825 bomm
484 3768 586 3843 repleet
610 3777 639 3826 st
660 3769 794 3825 exteriore
815 3768 998 3840 circumteget
1045 3766 1174 3823 Abundet
1198 3765 1225 3821 in
1248 3766 1294 3824 his

230 4010 239 4040 ¹
257 4008 324 4059 This
344 4006 397 4059 eud
413 4007 459 4059 the
481 4006 614 4071 following
636 4005 777 4071 formulery
793 4021 838 4056 ere
859 4019 973 4057 common
996 4007 1023 4055 to
1044 4003 1091 4055 the
1111 4002 1186 4056 three
1206 4019 1294 4058 secre-

180 4085 481 4215 moitffiliseelmien
492 4161 560 4226 only.
594 4159 888 4228 tsonsetprevtueue
898 4159 1131 4227 tremebunde
