2814 4816
613 401 785 451 arratam.
1195 382 1258 444 513

146 573 246 626 totum
260 565 300 626 ad
318 573 547 626 monumentum
561 562 598 624 iit
611 572 735 644 propter
749 564 898 643 populum,
914 583 953 623 ne
971 561 1089 622 diutius
1106 558 1256 631 tardetur,

147 667 179 719 et
206 663 248 720 sic
272 663 338 740 jam
364 660 539 720 dimittetur
572 660 711 738 populus.
767 659 813 717 Ea
847 665 949 721 autem
984 657 1059 717 hora
1095 656 1131 716 fit
1165 654 1257 714 missa

149 757 320 836 vigiliarum
334 759 400 837 ipsa
414 755 471 831 die,
488 777 548 835 qua
561 755 637 817 hora
650 761 683 816 et
697 760 772 834 aput
787 773 852 817 nos.

560 1084 587 1144 9.
613 1083 718 1145 Octavo
739 1083 775 1162 os
793 1083 909 1144 Ecstor.

211 1252 284 1315 Sero
298 1261 400 1314 autem
415 1254 462 1314 illi
476 1254 542 1314 diss
556 1254 711 1332 paschales
725 1255 769 1314 sic
782 1254 988 1315 attenduntur
1009 1251 1259 1331 quemadmodum

149 1354 182 1407 et
203 1347 243 1406 ad
264 1367 328 1420 nos,
351 1354 384 1407 et
402 1348 508 1408 ordine
529 1366 583 1408 suo
601 1349 682 1408 fiunt
705 1350 814 1407 missae
836 1367 890 1426 per
911 1353 981 1406 octo
1003 1346 1069 1405 dies
1092 1345 1258 1423 paschales,

151 1443 230 1502 sieut
250 1447 283 1501 et
303 1441 416 1520 abique
437 1443 475 1501 fit
497 1461 552 1520 per
574 1442 691 1502 Pascha
716 1463 810 1522 usque
833 1443 873 1502 ad
897 1449 1030 1502 octavas.
1072 1441 1135 1501 Hic
1157 1448 1259 1501 autem

151 1537 215 1614 ipse
229 1540 356 1595 ornatas
369 1542 416 1594 est
430 1541 462 1594 et
476 1537 543 1613 ipsa
555 1537 740 1614 compositio,
751 1544 784 1595 et
797 1556 851 1615 per
865 1542 932 1595 octo
946 1536 1011 1595 dies
1025 1535 1168 1608 Paschae,
1183 1554 1260 1613 quae

151 1637 183 1689 et
196 1649 251 1708 per
266 1629 447 1707 Epiphania,
464 1637 528 1688 tam
541 1631 575 1688 in
588 1631 713 1690 ecclesia
726 1630 846 1707 majore,
862 1650 953 1708 qaam
974 1630 1014 1689 sd
1028 1629 1189 1701 Anastase,
1205 1633 1262 1685 aut

152 1725 192 1784 ad
213 1723 349 1796 Crucem,
366 1725 414 1782 vel
435 1726 468 1783 in
490 1724 614 1797 Eleona,
635 1725 688 1784 sed
710 1733 742 1784 ct
766 1726 800 1783 in
819 1724 986 1796 Bethleem,
1011 1743 1067 1784 nec
1084 1743 1146 1783 non
1165 1723 1260 1781 etiam

153 1821 187 1878 in
214 1818 353 1890 Lamria,
375 1819 424 1878 vel
447 1819 566 1896 ubique,
593 1820 664 1898 quia
686 1819 751 1879 dies
777 1819 934 1897 paschales
958 1825 1038 1878 sunt.
1082 1817 1262 1878 Proceditur

153 1920 256 1974 autem
283 1914 349 1991 ipsa
371 1913 419 1973 die
441 1913 591 1972 dominica
613 1915 711 1991 prima
741 1914 775 1972 in
796 1914 923 1973 ecclesia
945 1914 1068 1990 maj0re,
1091 1912 1123 1971 id
1151 1917 1198 1969 est
1223 1908 1262 1968 ad

155 2008 352 2087 Martyrium,
372 2014 404 2066 et
424 2007 556 2066 secunda
576 2007 661 2079 ieris,
683 2014 716 2067 et
737 2009 832 2067 tertia
852 2008 937 2080 ieria,
954 2007 1007 2067 ubi
1029 2009 1075 2066 ita
1097 2014 1209 2077 tamen,
1226 2011 1264 2064 ut

153 2121 270 2181 semper
290 2101 382 2160 missa
402 2101 485 2160 iacta
512 2101 550 2160 de
577 2102 737 2179 Martyrio,
769 2102 809 2161 ad
839 2103 994 2161 Anastase
1023 2102 1165 2160 veniatur
1193 2118 1263 2159 cum

154 2197 264 2276 ymnis.
307 2194 426 2266 Quarta
444 2195 521 2254 ieris
539 2202 641 2256 autem
662 2197 695 2255 in
713 2196 828 2255 Eleona
847 2196 1039 2273 proceditur;
1060 2197 1169 2273 quinta
1187 2193 1265 2253 ieris

155 2295 195 2354 sd
208 2295 364 2354 Anastase
373 2315 382 2369 ς
401 2300 490 2353 sexta
503 2294 581 2353 ieris
599 2294 633 2353 in
653 2293 756 2371 Sy0n3
781 2294 910 2354 sabbato
931 2300 1006 2353 ante
1023 2292 1142 2367 Cruce;
1169 2291 1263 2351 domi-

156 2390 225 2448 nica
238 2395 340 2448 autem
355 2389 412 2463 die,
427 2388 459 2448 id
473 2394 520 2448 est
530 2389 654 2463 oetavis,
671 2389 771 2449 denuo
782 2389 816 2447 in
829 2389 954 2448 ecclesia
968 2388 1091 2465 majore,
1106 2387 1139 2447 id
1154 2393 1202 2447 est
1222 2385 1263 2446 ad

158 2483 352 2561 Martyrium

219 2576 299 2655 Ipsis
312 2583 415 2637 autem
430 2583 498 2637 octo
518 2577 625 2637 diebus
645 2575 838 2654 paschalibus
858 2575 993 2655 quotidie
1012 2582 1081 2654 post
1103 2573 1265 2653 prandium

156 2670 312 2748 episcopus
335 2689 404 2730 cum
428 2671 511 2730 omni
537 2670 618 2730 clero
645 2676 678 2729 et
705 2671 845 2729 omnibus
871 2669 1051 2742 infantibus,
1078 2668 1110 2728 id
1138 2675 1186 2727 est
1213 2668 1267 2747 qui

157 2762 322 2842 bsptidiati
356 2763 481 2836 fuerint,
510 2771 543 2823 et
569 2764 709 2824 omnibns
736 2765 788 2840 qui
815 2765 1016 2841 Aputactitae
1043 2769 1118 2822 sunt
1144 2763 1204 2821 viri
1230 2780 1266 2821 ao

157 2858 295 2930 feminae,
318 2877 374 2916 nec
394 2857 569 2916 nonetiam
590 2857 682 2918 etde
705 2857 792 2935 plebe
814 2859 923 2936 quanti
944 2857 1063 2930 volunt,
1092 2858 1126 2915 in
1151 2856 1267 2915 Eleous

157 2949 331 3009 ascendent.
382 2948 537 3008 Dicuntur
562 2950 658 3027 ymni,
686 2950 766 3009 fiant
794 2950 954 3022 orationes,
981 2959 1046 3007 tam
1073 2950 1107 3006 in
1137 2946 1266 3007 ecclesia

158 3061 236 3121 quae
256 3043 289 3100 in
311 3041 426 3101 Eleous
442 3049 497 3114 est,
513 3044 547 3101 in
568 3063 629 3121 qua
652 3049 700 3102 est
722 3042 877 3120 spelunca,
895 3043 929 3100 in
948 3062 1009 3121 qus
1029 3041 1157 3101 docebat
1175 3040 1266 3100 Jesue

158 3134 320 3212 discipulos
331 3155 341 3209 ;
361 3141 425 3194 tam
446 3136 539 3194 ctiam
563 3137 597 3195 in
620 3135 787 3210 Imbomon,
813 3134 845 3195 id
870 3143 917 3196 est
940 3137 974 3195 in
995 3155 1030 3195 eo
1052 3134 1117 3194 ioco
1141 3133 1180 3193 de
1207 3151 1269 3211 quo

159 3230 310 3289 Dominus
324 3229 461 3288 aseendit
473 3232 507 3289 in
521 3232 621 3291 caelis.
664 3232 706 3291 Et
721 3238 917 3310 posteaquam
931 3232 1007 3290 dicti
1020 3231 1137 3290 fuerint
1159 3229 1268 3308 psalmi

159 3330 192 3384 et
215 3325 313 3383 oratio
340 3323 424 3383 iacta
451 3325 554 3397 fuerit,
584 3326 655 3386 inde
683 3346 777 3404 usque
804 3326 844 3385 ad
878 3328 1033 3385 Anastase
1067 3345 1136 3385 cum
1168 3325 1269 3405 ymnis

160 3417 353 3478 descenditur
367 3416 442 3478 hora
456 3419 604 3479 lucernae.
647 3419 717 3479 Hoc
730 3439 784 3498 per
798 3427 879 3480 totos
892 3426 961 3481 octo
974 3418 1038 3480 dies
1052 3420 1097 3479 fit.

318 3735 366 3795 10.
391 3733 499 3815 Vesper
522 3734 637 3797 Statioa
651 3743 682 3795 at
705 3734 776 3797 Sica
797 3755 833 3796 oa
857 3735 964 3796 Ecstor
986 3733 1116 3815 Saadoy.

224 3905 304 3969 Sans
318 3904 469 3967 dominica
482 3907 531 3968 die
544 3928 599 3987 per
613 3908 740 3983 Pascha,
755 3919 825 3988 post
838 3912 930 3970 missa
943 3910 1108 3971 lucernarii
1121 3911 1153 3971 id
1167 3917 1215 3971 est
1235 3911 1275 3973 de

163 4000 329 4072 Anastase,
344 4001 442 4060 omnis
460 4003 588 4079 populus
606 4005 778 4083 episcopum
801 4025 869 4064 cum
888 4007 988 4084 ymnis
1013 4006 1047 4063 in
1069 4005 1152 4084 Syon
1174 4006 1274 4068 ducet.

165 4093 230 4157 Ubi
255 4112 324 4154 cum
351 4102 476 4157 ventum
505 4096 610 4171 fuerit,
640 4098 786 4158 diountm
810 4100 894 4178 ymni
919 4100 984 4177 apti
1007 4098 1067 4159 diei
1090 4106 1121 4159 et
1146 4100 1218 4176 loco,
1240 4101 1277 4161 iit

1079 4203 1143 4266 21,
